<record><header><identifier>oai:alma.41SLSP_UGE:991000106529705502</identifier><datestamp>2023-03-31T00:21:08Z</datestamp><setSpec>uge_bcen_RapidILL_BOOK</setSpec><setSpec>uge_aaca_RapidILL_BOOK</setSpec><setSpec>uge_abels_RapidILL_BOOK</setSpec><setSpec>uge_dbu_RapidILL_BOOK</setSpec><setSpec>uge_cmu_RapidILL_BOOK</setSpec><setSpec>uge_mail_RapidILL_BOOK</setSpec><setSpec>uge_abbat_RapidILL_BOOK</setSpec><setSpec>UNIGE_ALL</setSpec><setSpec>uge_acar_RapidILL_BOOK</setSpec><setSpec>uge_aobs_RapidILL_BOOK</setSpec></header><metadata>
<record xmlns="http://www.loc.gov/MARC21/slim" xmlns:xsi="http://www.w3.org/2001/XMLSchema-instance" xsi:schemaLocation="http://www.loc.gov/MARC21/slim http://www.loc.gov/standards/marcxml/schema/MARC21slim.xsd"><leader>02470nam a2200685 c 4500</leader><controlfield tag="001">991000106529705502</controlfield><controlfield tag="005">20230330185528.0</controlfield><controlfield tag="008">201012s1999    gw ||||| |||| 00| ||ger d</controlfield><datafield ind1=" " ind2=" " tag="010"><subfield code="a">99485916</subfield></datafield><datafield ind1=" " ind2=" " tag="020"><subfield code="a">3447040335</subfield></datafield><datafield ind1=" " ind2=" " tag="020"><subfield code="a">9783447040334</subfield></datafield><datafield ind1=" " ind2=" " tag="035"><subfield code="a">(swissbib)233084711-41slsp_network</subfield></datafield><datafield ind1=" " ind2=" " tag="035"><subfield code="a">233084711</subfield><subfield code="9">ExL</subfield></datafield><datafield ind1=" " ind2=" " tag="035"><subfield code="a">(RERO)R259193660-41slsp</subfield></datafield><datafield ind1=" " ind2=" " tag="035"><subfield code="a">(IDSBB)001932961DSV01</subfield></datafield><datafield ind1=" " ind2=" " tag="035"><subfield code="a">(NEBIS)006679901EBI01</subfield></datafield><datafield ind1=" " ind2=" " tag="035"><subfield code="a">(OCoLC)42211962</subfield><subfield code="z">(OCoLC)215028665</subfield></datafield><datafield ind1=" " ind2=" " tag="035"><subfield code="a">(EXLNZ-41SLSP_NETWORK)991151591609705501</subfield></datafield><datafield ind1=" " ind2=" " tag="040"><subfield code="a">RERO gevbpu</subfield><subfield code="d">CH-ZuSLS</subfield></datafield><datafield ind1=" " ind2=" " tag="050"><subfield code="a">P945</subfield><subfield code="b">.R54 1999</subfield></datafield><datafield ind1=" " ind2="7" tag="072"><subfield code="a">lg</subfield><subfield code="2">rero</subfield></datafield><datafield ind1=" " ind2="7" tag="072"><subfield code="a">ig</subfield><subfield code="2">SzZuIDS BS/BE</subfield></datafield><datafield ind1="0" ind2="0" tag="082"><subfield code="a">491/.998 s</subfield><subfield code="a">491/.9985</subfield><subfield code="2">21</subfield></datafield><datafield ind1="0" ind2="4" tag="082"><subfield code="a">491 .998 s</subfield><subfield code="2">21</subfield></datafield><datafield ind1="1" ind2="4" tag="082"><subfield code="a">491.998</subfield><subfield code="2">22</subfield></datafield><datafield ind1=" " ind2=" " tag="084"><subfield code="a">6,22</subfield><subfield code="2">ssgn</subfield></datafield><datafield ind1=" " ind2=" " tag="084"><subfield code="a">EW 330</subfield><subfield code="2">rvk</subfield></datafield><datafield ind1=" " ind2=" " tag="084"><subfield code="a">18.68</subfield><subfield code="2">bcl</subfield></datafield><datafield ind1="1" ind2=" " tag="100"><subfield code="6">880-01</subfield><subfield code="a">Rieken, Elisabeth</subfield><subfield code="0">(IDREF)066977975</subfield><subfield code="4">cre</subfield></datafield><datafield ind1="1" ind2=" " tag="880"><subfield code="a">Rieken, Elisabeth</subfield><subfield code="0">(DE-588)1023379368</subfield><subfield code="6">100-01</subfield></datafield><datafield ind1="1" ind2="0" tag="245"><subfield code="a">Untersuchungen zur nominalen Stammbildung des Hethitischen</subfield><subfield code="c">Elisabeth Rieken</subfield></datafield><datafield ind1=" " ind2="1" tag="264"><subfield code="a">Wiesbaden</subfield><subfield code="b">Harrassowitz</subfield><subfield code="c">1999</subfield></datafield><datafield ind1=" " ind2=" " tag="300"><subfield code="a">XXIX, 608 p.</subfield><subfield code="c">24 cm</subfield></datafield><datafield ind1=" " ind2=" " tag="336"><subfield code="b">txt</subfield><subfield code="2">rdacontent</subfield></datafield><datafield ind1=" " ind2=" " tag="337"><subfield code="b">n</subfield><subfield code="2">rdamedia</subfield></datafield><datafield ind1=" " ind2=" " tag="338"><subfield code="b">nc</subfield><subfield code="2">rdacarrier</subfield></datafield><datafield ind1="1" ind2=" " tag="490"><subfield code="a">Studien zu den Boğazköy-Texten</subfield><subfield code="v">Heft 44</subfield></datafield><datafield ind1=" " ind2=" " tag="502"><subfield code="a">Ueberarb. Fassung der Diss. Ruhr-Universität Bochum, 1996</subfield></datafield><datafield ind1=" " ind2=" " tag="504"><subfield code="a">Includes bibliographical references (p. 507-546) and indexes</subfield></datafield><datafield ind1=" " ind2="7" tag="650"><subfield code="a">Hittite (langue)</subfield><subfield code="0">(IDREF)027233790</subfield><subfield code="2">idref</subfield></datafield><datafield ind1=" " ind2="7" tag="650"><subfield code="a">Nom</subfield><subfield code="0">(IDREF)02779086X</subfield><subfield code="2">idref</subfield></datafield><datafield ind1=" " ind2="7" tag="650"><subfield code="a">racine (grammaire) - transformation</subfield><subfield code="0">(RERO)A010137946</subfield><subfield code="2">rerovoc</subfield></datafield><datafield ind1=" " ind2="7" tag="650"><subfield code="a">Morphologie (linguistique)</subfield><subfield code="0">(IDREF)028686160</subfield><subfield code="2">idref</subfield></datafield><datafield ind1=" " ind2="7" tag="650"><subfield code="a">Hethitische Sprache</subfield><subfield code="x">Nomen</subfield><subfield code="2">idsbb</subfield></datafield><datafield ind1=" " ind2="7" tag="650"><subfield code="a">Hethitische Sprache</subfield><subfield code="x">Wortbildung</subfield><subfield code="2">idsbb</subfield></datafield><datafield ind1=" " ind2="7" tag="650"><subfield code="a">Nominalstamm</subfield><subfield code="2">idszbz</subfield></datafield><datafield ind1=" " ind2="7" tag="650"><subfield code="a">Hethitisch</subfield><subfield code="2">idszbz</subfield></datafield><datafield ind1=" " ind2="7" tag="650"><subfield code="a">Wortbildung</subfield><subfield code="2">idszbz</subfield></datafield><datafield ind1=" " ind2="0" tag="650"><subfield code="a">Hittite language</subfield><subfield code="x">Word formation</subfield></datafield><datafield ind1=" " ind2="0" tag="650"><subfield code="a">Hittite language</subfield><subfield code="x">Nominals</subfield></datafield><datafield ind1=" " ind2="7" tag="650"><subfield code="a">Hettitisch</subfield><subfield code="2">gtt</subfield></datafield><datafield ind1=" " ind2="7" tag="650"><subfield code="a">Naamwoorden</subfield><subfield code="2">gtt</subfield></datafield><datafield ind1=" " ind2="7" tag="650"><subfield code="a">Achtervoegsels</subfield><subfield code="2">gtt</subfield></datafield><datafield ind1=" " ind2="7" tag="650"><subfield code="a">Woordvorming</subfield><subfield code="2">gtt</subfield></datafield><datafield ind1=" " ind2="7" tag="650"><subfield code="a">Historische taalwetenschap</subfield><subfield code="2">gtt</subfield></datafield><datafield ind1=" " ind2="7" tag="650"><subfield code="a">Nominalstamm</subfield><subfield code="0">(DE-588)4171978-5</subfield><subfield code="2">gnd</subfield></datafield><datafield ind1=" " ind2="7" tag="650"><subfield code="a">Hethitisch</subfield><subfield code="0">(DE-588)4120195-4</subfield><subfield code="2">gnd</subfield></datafield><datafield ind1=" " ind2="7" tag="655"><subfield code="a">Hochschulschrift</subfield><subfield code="2">gnd-content</subfield></datafield><datafield ind1=" " ind2=" " tag="830"><subfield code="a">Studien zu den Boğazköy-Texten</subfield><subfield code="v">44</subfield><subfield code="w">(NEBIS)000987571EBI01</subfield></datafield><datafield ind1=" " ind2=" " tag="900"><subfield code="a">REROnoselfmerge</subfield></datafield><datafield ind1=" " ind2=" " tag="900"><subfield code="a">IDSZ2zbzmon201111f</subfield><subfield code="c">IDSZ2dien</subfield><subfield code="d">IDSZ2zbzswk201111b</subfield><subfield code="e">IDSZ2boxm</subfield></datafield></record>
</metadata></record>