<record><header><identifier>oai:alma.41SLSP_UGE:991000106739705502</identifier><datestamp>2024-07-30T00:09:02Z</datestamp><setSpec>uge_bcen_RapidILL_BOOK</setSpec><setSpec>uge_aaca_RapidILL_BOOK</setSpec><setSpec>uge_abels_RapidILL_BOOK</setSpec><setSpec>uge_dbu_RapidILL_BOOK</setSpec><setSpec>uge_cmu_RapidILL_BOOK</setSpec><setSpec>uge_mail_RapidILL_BOOK</setSpec><setSpec>uge_abbat_RapidILL_BOOK</setSpec><setSpec>UNIGE_ALL</setSpec><setSpec>uge_aobs_RapidILL_BOOK</setSpec><setSpec>uge_acar_RapidILL_BOOK</setSpec></header><metadata>
<record xmlns="http://www.loc.gov/MARC21/slim" xmlns:xsi="http://www.w3.org/2001/XMLSchema-instance" xsi:schemaLocation="http://www.loc.gov/MARC21/slim http://www.loc.gov/standards/marcxml/schema/MARC21slim.xsd"><leader>01967nam a2200469 c 4500</leader><controlfield tag="001">991000106739705502</controlfield><controlfield tag="005">20240729172202.0</controlfield><controlfield tag="008">201012s1974    fr ||||| |||| 00| ||fre d</controlfield><datafield ind1=" " ind2=" " tag="019"><subfield code="a">RekatMedea: Schlagwort nicht im Index</subfield><subfield code="5">NEBIS/15.04.2005 Medea</subfield></datafield><datafield ind1=" " ind2=" " tag="019"><subfield code="a">RekatMedea: UKPHS keine Laufnummer vorhanden</subfield><subfield code="5">NEBIS/04.07.2005 Medea</subfield></datafield><datafield ind1=" " ind2=" " tag="035"><subfield code="a">(swissbib)237841231-41slsp_network</subfield></datafield><datafield ind1=" " ind2=" " tag="035"><subfield code="a">237841231</subfield><subfield code="9">ExL</subfield></datafield><datafield ind1=" " ind2=" " tag="035"><subfield code="a">(RERO)0064420-41slsp</subfield></datafield><datafield ind1=" " ind2=" " tag="035"><subfield code="a">(NEBIS)008796746EBI01</subfield></datafield><datafield ind1=" " ind2=" " tag="035"><subfield code="a">(IDSBB)000352934DSV01</subfield></datafield><datafield ind1=" " ind2=" " tag="035"><subfield code="a">(EXLNZ-41SLSP_NETWORK)991017213659705501</subfield></datafield><datafield ind1=" " ind2=" " tag="040"><subfield code="a">RERO</subfield><subfield code="d">CH-ZuSLS</subfield></datafield><datafield ind1=" " ind2="7" tag="072"><subfield code="a">ha</subfield><subfield code="2">rero</subfield></datafield><datafield ind1=" " ind2="7" tag="072"><subfield code="a">me</subfield><subfield code="2">rero</subfield></datafield><datafield ind1=" " ind2="7" tag="072"><subfield code="a">kp</subfield><subfield code="2">SzZuIDS BS/BE</subfield></datafield><datafield ind1="7" ind2="4" tag="082"><subfield code="a">610</subfield><subfield code="2">23sdnb</subfield></datafield><datafield ind1="1" ind2=" " tag="100"><subfield code="6">880-01</subfield><subfield code="a">Jouanna, Jacques</subfield><subfield code="c">professeur de littérature et civilisation grecque</subfield><subfield code="d">1935-....</subfield><subfield code="0">(IDREF)026940752</subfield><subfield code="4">aut</subfield></datafield><datafield ind1="1" ind2=" " tag="880"><subfield code="6">100-01</subfield><subfield code="a">Jouanna, Jacques</subfield><subfield code="d">1935-</subfield><subfield code="0">(DE-588)102892514X</subfield></datafield><datafield ind1="1" ind2="0" tag="245"><subfield code="a">Hippocrate</subfield><subfield code="b">pour une archéologie de l'école de Cnide</subfield><subfield code="c">Jacques Jouanna</subfield></datafield><datafield ind1=" " ind2="1" tag="264"><subfield code="a">Paris</subfield><subfield code="b">Les Belles Lettres</subfield><subfield code="c">1974</subfield></datafield><datafield ind1=" " ind2=" " tag="300"><subfield code="a">664 p.</subfield><subfield code="c">25 cm</subfield></datafield><datafield ind1=" " ind2=" " tag="336"><subfield code="b">txt</subfield><subfield code="2">rdacontent</subfield></datafield><datafield ind1=" " ind2=" " tag="337"><subfield code="b">n</subfield><subfield code="2">rdamedia</subfield></datafield><datafield ind1=" " ind2=" " tag="338"><subfield code="b">nc</subfield><subfield code="2">rdacarrier</subfield></datafield><datafield ind1="1" ind2=" " tag="490"><subfield code="a">Collection d'études anciennes. [Antiquité grecque]</subfield><subfield code="v">[45]</subfield></datafield><datafield ind1="1" ind2=" " tag="490"><subfield code="a">Collection d'études anciennes. Série grecque</subfield><subfield code="v">[45]</subfield></datafield><datafield ind1=" " ind2=" " tag="500"><subfield code="a">Titre de couv.: Hippocrate et l'école de Cnide</subfield></datafield><datafield ind1="0" ind2="7" tag="600"><subfield code="a">Hippocrate</subfield><subfield code="c">médecin</subfield><subfield code="d">0460-0377 av. J.-C.</subfield><subfield code="0">(IDREF)027324885</subfield><subfield code="2">idref</subfield></datafield><datafield ind1=" " ind2="2" tag="650"><subfield code="a">History of Medicine, Ancient</subfield></datafield><datafield ind1=" " ind2="7" tag="650"><subfield code="a">École de Cnide (médecine)</subfield><subfield code="0">(IDREF)050562088</subfield><subfield code="2">idref</subfield></datafield><datafield ind1=" " ind2="2" tag="651"><subfield code="a">Greece</subfield></datafield><datafield ind1=" " ind2=" " tag="690"><subfield code="a">Hippokratismus</subfield><subfield code="2">uzb-UU</subfield></datafield><datafield ind1="1" ind2="2" tag="700"><subfield code="a">Jouanna, Jacques</subfield><subfield code="d">1935-</subfield><subfield code="t">Hippocrate et l'école de Cnide</subfield></datafield><datafield ind1=" " ind2="0" tag="830"><subfield code="a">Collection d'études anciennes</subfield><subfield code="p">Série grecque</subfield><subfield code="v">45</subfield><subfield code="w">(IDSBB)000340949DSV01</subfield></datafield><datafield ind1=" " ind2="0" tag="830"><subfield code="a">Collection d'études anciennes</subfield><subfield code="v">45</subfield><subfield code="w">(NEBIS)001000911EBI01</subfield></datafield><datafield ind1=" " ind2="0" tag="830"><subfield code="a">Collection d'études anciennes</subfield><subfield code="p">Antiquité grecque</subfield><subfield code="v">45</subfield><subfield code="w">(RERO)1097882-41slsp</subfield></datafield><datafield ind1=" " ind2=" " tag="900"><subfield code="a">REROnoselfmerge</subfield></datafield><datafield ind1=" " ind2=" " tag="900"><subfield code="a">IDSU2remark</subfield><subfield code="f">IDSU2medea</subfield></datafield></record>
</metadata></record>