<record><header><identifier>oai:alma.41SLSP_UGE:991000106439705502</identifier><datestamp>2024-10-16T00:19:03Z</datestamp><setSpec>uge_bcen_RapidILL_BOOK</setSpec><setSpec>uge_aaca_RapidILL_BOOK</setSpec><setSpec>uge_abels_RapidILL_BOOK</setSpec><setSpec>uge_dbu_RapidILL_BOOK</setSpec><setSpec>uge_cmu_RapidILL_BOOK</setSpec><setSpec>uge_mail_RapidILL_BOOK</setSpec><setSpec>uge_abbat_RapidILL_BOOK</setSpec><setSpec>UNIGE_ALL</setSpec><setSpec>uge_aobs_RapidILL_BOOK</setSpec><setSpec>uge_acar_RapidILL_BOOK</setSpec></header><metadata>
<record xmlns="http://www.loc.gov/MARC21/slim" xmlns:xsi="http://www.w3.org/2001/XMLSchema-instance" xsi:schemaLocation="http://www.loc.gov/MARC21/slim http://www.loc.gov/standards/marcxml/schema/MARC21slim.xsd"><leader>02101nam a2200493 c 4500</leader><controlfield tag="001">991000106439705502</controlfield><controlfield tag="005">20230413212213.0</controlfield><controlfield tag="008">201012s2008    fr            ||| | fre  </controlfield><datafield ind1=" " ind2=" " tag="020"><subfield code="a">9782256911323</subfield></datafield><datafield ind1="7" ind2=" " tag="024"><subfield code="a">http://catalogue.bnf.fr/ark:/12148/cb414214529</subfield><subfield code="2">uri</subfield></datafield><datafield ind1=" " ind2=" " tag="035"><subfield code="a">(swissbib)241574765-41slsp_network</subfield></datafield><datafield ind1=" " ind2=" " tag="035"><subfield code="a">241574765</subfield><subfield code="9">ExL</subfield></datafield><datafield ind1=" " ind2=" " tag="035"><subfield code="a">(NEBIS)005880206EBI01</subfield></datafield><datafield ind1=" " ind2=" " tag="035"><subfield code="a">(RERO)R005136115-41slsp</subfield></datafield><datafield ind1=" " ind2=" " tag="035"><subfield code="a">(EXLNZ-41SLSP_NETWORK)991076541559705501</subfield></datafield><datafield ind1=" " ind2=" " tag="040"><subfield code="a">SzZuIDS NEBIS ZBZ</subfield><subfield code="d">CH-ZuSLS</subfield></datafield><datafield ind1=" " ind2="7" tag="072"><subfield code="a">fr</subfield><subfield code="2">rero</subfield></datafield><datafield ind1="0" ind2="4" tag="082"><subfield code="a">843.8 (critique)</subfield><subfield code="2">22</subfield></datafield><datafield ind1="1" ind2="4" tag="082"><subfield code="a">843.8</subfield><subfield code="2">22</subfield></datafield><datafield ind1="1" ind2="4" tag="082"><subfield code="a">809</subfield><subfield code="2">1</subfield></datafield><datafield ind1="0" ind2="0" tag="245"><subfield code="a">Sur &quot;Le désespéré&quot;</subfield><subfield code="b">dossier 2</subfield><subfield code="c">textes réunis par Pierre Glaudes</subfield></datafield><datafield ind1=" " ind2="1" tag="264"><subfield code="a">Caen</subfield><subfield code="b">Lettres Modernes Minard</subfield><subfield code="c">2008</subfield></datafield><datafield ind1=" " ind2=" " tag="300"><subfield code="a">231 S.</subfield></datafield><datafield ind1=" " ind2=" " tag="336"><subfield code="b">txt</subfield><subfield code="2">rdacontent</subfield></datafield><datafield ind1=" " ind2=" " tag="337"><subfield code="b">n</subfield><subfield code="2">rdamedia</subfield></datafield><datafield ind1=" " ind2=" " tag="338"><subfield code="b">nc</subfield><subfield code="2">rdacarrier</subfield></datafield><datafield ind1="1" ind2=" " tag="490"><subfield code="a">Léon Bloy</subfield><subfield code="v">8</subfield></datafield><datafield ind1="1" ind2=" " tag="490"><subfield code="a">La revue des lettres modernes</subfield><subfield code="v">no. 1973-1977</subfield></datafield><datafield ind1="1" ind2="7" tag="600"><subfield code="a">Bloy, Léon; &lt;&lt;Le&gt;&gt; désespéré</subfield><subfield code="2">idszbz</subfield></datafield><datafield ind1="1" ind2="7" tag="600"><subfield code="a">Bloy, Léon</subfield><subfield code="d">1846-1917</subfield><subfield code="0">(DE-588)118511866</subfield><subfield code="2">gnd</subfield></datafield><datafield ind1="1" ind2="7" tag="600"><subfield code="a">Bloy, Léon</subfield><subfield code="d">1846-1917</subfield><subfield code="t">&lt;&lt;Le&gt;&gt; désespéré</subfield><subfield code="0">(DE-588)4551146-9</subfield><subfield code="2">gnd</subfield></datafield><datafield ind1="1" ind2="0" tag="600"><subfield code="a">Bloy, Léon</subfield><subfield code="d">1846-1917</subfield><subfield code="t">Désespéré</subfield></datafield><datafield ind1="1" ind2="0" tag="600"><subfield code="a">Bloy, Léon</subfield><subfield code="d">1846-1917</subfield><subfield code="v">Criticism and interpretation</subfield></datafield><datafield ind1="1" ind2="0" tag="600"><subfield code="a">Bloy, Léon</subfield><subfield code="d">1846-1917</subfield><subfield code="x">Criticism and interpretation</subfield></datafield><datafield ind1="1" ind2="7" tag="600"><subfield code="a">Bloy, Léon</subfield><subfield code="d">1846-1917</subfield><subfield code="t">&lt;&lt;Le &gt;&gt;désespéré</subfield><subfield code="0">(IDREF)061779237</subfield><subfield code="2">idref</subfield></datafield><datafield ind1=" " ind2="7" tag="650"><subfield code="a">Humor</subfield><subfield code="0">(DE-588)4026170-0</subfield><subfield code="2">gnd</subfield></datafield><datafield ind1=" " ind2="7" tag="655"><subfield code="a">Aufsatzsammlung</subfield><subfield code="2">gnd-content</subfield></datafield><datafield ind1=" " ind2="7" tag="655"><subfield code="a">[Études diverses]</subfield><subfield code="0">(RERO)A022249905</subfield><subfield code="2">rero</subfield></datafield><datafield ind1="1" ind2=" " tag="700"><subfield code="a">Glaudes, Pierre</subfield><subfield code="d">1957-</subfield><subfield code="0">(DE-588)1023586576</subfield><subfield code="6">880-02</subfield></datafield><datafield ind1="1" ind2=" " tag="880"><subfield code="6">700-02</subfield><subfield code="a">Glaudes, Pierre</subfield><subfield code="d">1957-....</subfield><subfield code="0">(IDREF)029495695</subfield></datafield><datafield ind1="4" ind2=" " tag="856"><subfield code="3">Titelblatt und Inhaltsverzeichnis</subfield><subfield code="u">https://toc.library.ethz.ch/objects/pdf/z01_978-2-256-91132-3_01.pdf</subfield><subfield code="q">pdf</subfield></datafield><datafield ind1=" " ind2="0" tag="830"><subfield code="a">&lt;&lt;La&gt;&gt; revue des lettres modernes</subfield><subfield code="v">1973-1977</subfield><subfield code="w">(NEBIS)000987438EBI01</subfield></datafield><datafield ind1=" " ind2="0" tag="830"><subfield code="a">Léon Bloy</subfield><subfield code="v">8</subfield><subfield code="w">(NEBIS)000991760EBI01</subfield></datafield><datafield ind1=" " ind2=" " tag="900"><subfield code="a">IDSZ2zbzmon200909e</subfield><subfield code="c">IDSZ2baus</subfield><subfield code="d">IDSZ2zbzswk201005b</subfield><subfield code="e">IDSZ2arma</subfield></datafield><datafield ind1=" " ind2=" " tag="949"><subfield code="a">https://toc.library.ethz.ch/objects/pdf/z01_978-2-256-91132-3_01.pdf</subfield></datafield></record>
</metadata></record>