<record><header><identifier>oai:alma.41SLSP_UGE:991000106129705502</identifier><datestamp>2023-03-01T01:10:28Z</datestamp><setSpec>uge_bcen_RapidILL_BOOK</setSpec><setSpec>uge_aaca_RapidILL_BOOK</setSpec><setSpec>uge_abels_RapidILL_BOOK</setSpec><setSpec>uge_dbu_RapidILL_BOOK</setSpec><setSpec>uge_cmu_RapidILL_BOOK</setSpec><setSpec>uge_mail_RapidILL_BOOK</setSpec><setSpec>UNIGE_ALL</setSpec><setSpec>uge_abbat_RapidILL_BOOK</setSpec><setSpec>uge_aobs_RapidILL_BOOK</setSpec><setSpec>uge_acar_RapidILL_BOOK</setSpec></header><metadata>
<record xmlns="http://www.loc.gov/MARC21/slim" xmlns:xsi="http://www.w3.org/2001/XMLSchema-instance" xsi:schemaLocation="http://www.loc.gov/MARC21/slim http://www.loc.gov/standards/marcxml/schema/MARC21slim.xsd"><leader>02532nam a2200685 c 4500</leader><controlfield tag="001">991000106129705502</controlfield><controlfield tag="005">20201222223338.0</controlfield><controlfield tag="008">201011s1982    xxk||||| |||| 00| ||eng d</controlfield><datafield ind1=" " ind2=" " tag="020"><subfield code="a">0416316700</subfield></datafield><datafield ind1=" " ind2=" " tag="035"><subfield code="a">(swissbib)226794474-41slsp_network</subfield></datafield><datafield ind1=" " ind2=" " tag="035"><subfield code="a">226794474</subfield><subfield code="9">ExL</subfield></datafield><datafield ind1=" " ind2=" " tag="035"><subfield code="a">(RERO)0426255-41slsp</subfield></datafield><datafield ind1=" " ind2=" " tag="035"><subfield code="a">(IDSSG)000358506HSB01</subfield></datafield><datafield ind1=" " ind2=" " tag="035"><subfield code="a">(IDSBB)001168784DSV01</subfield></datafield><datafield ind1=" " ind2=" " tag="035"><subfield code="a">(NEBIS)005723331EBI01</subfield></datafield><datafield ind1=" " ind2=" " tag="035"><subfield code="a">(EXLNZ-41SLSP_NETWORK)991096364539705501</subfield></datafield><datafield ind1=" " ind2=" " tag="040"><subfield code="a">RERO</subfield><subfield code="d">CH-ZuSLS</subfield></datafield><datafield ind1=" " ind2="7" tag="072"><subfield code="a">an</subfield><subfield code="2">rero</subfield></datafield><datafield ind1="0" ind2="0" tag="082"><subfield code="a">813/.54</subfield><subfield code="2">19</subfield></datafield><datafield ind1="0" ind2="0" tag="082"><subfield code="a">813/.03</subfield></datafield><datafield ind1="0" ind2="4" tag="082"><subfield code="a">813, .54</subfield><subfield code="2">19</subfield></datafield><datafield ind1="1" ind2=" " tag="100"><subfield code="a">Tanner, Tony</subfield><subfield code="d">1935-1998</subfield><subfield code="0">(IDREF)029183421</subfield><subfield code="4">cre</subfield></datafield><datafield ind1="1" ind2="0" tag="245"><subfield code="a">Thomas Pynchon</subfield><subfield code="c">Tony Tanner</subfield></datafield><datafield ind1=" " ind2="1" tag="264"><subfield code="a">London</subfield><subfield code="a">New York</subfield><subfield code="b">Methuen</subfield><subfield code="c">1982</subfield></datafield><datafield ind1=" " ind2=" " tag="300"><subfield code="a">95 p.</subfield><subfield code="c">20 cm</subfield></datafield><datafield ind1=" " ind2=" " tag="336"><subfield code="b">txt</subfield><subfield code="2">rdacontent</subfield></datafield><datafield ind1=" " ind2=" " tag="337"><subfield code="b">n</subfield><subfield code="2">rdamedia</subfield></datafield><datafield ind1=" " ind2=" " tag="338"><subfield code="b">nc</subfield><subfield code="2">rdacarrier</subfield></datafield><datafield ind1="1" ind2=" " tag="490"><subfield code="a">Contemporary writers</subfield></datafield><datafield ind1="1" ind2="7" tag="600"><subfield code="a">Pynchon, Thomas</subfield><subfield code="d">1937-....</subfield><subfield code="0">(IDREF)027085236</subfield><subfield code="2">idref</subfield></datafield><datafield ind1="1" ind2="7" tag="600"><subfield code="a">Pynchon, Thomas</subfield><subfield code="d">1937-</subfield><subfield code="0">(DE-588)118597221</subfield><subfield code="2">gnd</subfield></datafield><datafield ind1="1" ind2="0" tag="600"><subfield code="a">Barthelme, Donald</subfield><subfield code="x">Criticism and interpretation</subfield></datafield><datafield ind1="1" ind2="0" tag="600"><subfield code="a">Barth, John</subfield><subfield code="x">Criticism and interpretation</subfield></datafield><datafield ind1="1" ind2="0" tag="600"><subfield code="a">Borges, Jorge Luis</subfield><subfield code="d">1899-1986</subfield></datafield><datafield ind1="1" ind2="0" tag="600"><subfield code="a">Brautigan, Richard</subfield></datafield><datafield ind1="1" ind2="0" tag="600"><subfield code="a">Burroughs, William S</subfield><subfield code="d">1914-</subfield><subfield code="x">Criticism and interpretation</subfield></datafield><datafield ind1="1" ind2="0" tag="600"><subfield code="a">Conroy, Frank</subfield><subfield code="d">1936-</subfield></datafield><datafield ind1="1" ind2="0" tag="600"><subfield code="a">Ellison, Ralph</subfield><subfield code="x">Criticism and interpretation</subfield></datafield><datafield ind1="1" ind2="0" tag="600"><subfield code="a">Gaddis, William</subfield><subfield code="d">1922-</subfield></datafield><datafield ind1="1" ind2="0" tag="600"><subfield code="a">Gass, William H</subfield><subfield code="d">1924-</subfield></datafield><datafield ind1="1" ind2="0" tag="600"><subfield code="a">Hawkes, John</subfield><subfield code="d">1925-</subfield><subfield code="x">Criticism and interpretation</subfield></datafield><datafield ind1="1" ind2="0" tag="600"><subfield code="a">Heller, Joseph</subfield><subfield code="x">Criticism and interpretation</subfield></datafield><datafield ind1="1" ind2="0" tag="600"><subfield code="a">Kesey, Ken</subfield><subfield code="x">Criticism and interpretation</subfield></datafield><datafield ind1="1" ind2="0" tag="600"><subfield code="a">Mailer, Norman</subfield><subfield code="x">Criticism and interpretation</subfield></datafield><datafield ind1="1" ind2="0" tag="600"><subfield code="a">Malamud, Bernard</subfield><subfield code="x">Criticism and interpretation</subfield></datafield><datafield ind1="1" ind2="0" tag="600"><subfield code="a">Nabokov, Vladimir Vladimirovich</subfield><subfield code="d">1899-1977</subfield><subfield code="x">Criticism and interpretation</subfield></datafield><datafield ind1="1" ind2="0" tag="600"><subfield code="a">Percy, Walker</subfield><subfield code="d">1916-</subfield></datafield><datafield ind1="1" ind2="0" tag="600"><subfield code="a">Plath, Sylvia</subfield></datafield><datafield ind1="1" ind2="0" tag="600"><subfield code="a">Purdy, James</subfield><subfield code="x">Criticism and interpretation</subfield></datafield><datafield ind1="1" ind2="0" tag="600"><subfield code="a">Pynchon, Thomas</subfield><subfield code="x">Criticism and interpretation</subfield></datafield><datafield ind1="1" ind2="0" tag="600"><subfield code="a">Roth, Philip</subfield><subfield code="x">Criticism and interpretation</subfield></datafield><datafield ind1="1" ind2="0" tag="600"><subfield code="a">Sontag, Susan</subfield><subfield code="d">1933-</subfield></datafield><datafield ind1="1" ind2="0" tag="600"><subfield code="a">Updike, John</subfield><subfield code="x">Criticism and interpretation</subfield></datafield><datafield ind1="1" ind2="0" tag="600"><subfield code="a">Vonnegut, Kurt</subfield><subfield code="x">Criticism and interpretation</subfield></datafield><datafield ind1=" " ind2="0" tag="650"><subfield code="a">American fiction</subfield><subfield code="y">20th century</subfield><subfield code="x">History and criticism</subfield></datafield><datafield ind1=" " ind2="7" tag="655"><subfield code="a">Aufsatzsammlung</subfield><subfield code="2">gnd-content</subfield></datafield><datafield ind1=" " ind2=" " tag="690"><subfield code="a">Pynchon, Thomas</subfield><subfield code="2">uzb-Z9</subfield></datafield><datafield ind1=" " ind2="0" tag="830"><subfield code="a">Contemporary Writers</subfield></datafield><datafield ind1=" " ind2=" " tag="900"><subfield code="a">REROnoselfmerge</subfield></datafield><datafield ind1=" " ind2=" " tag="900"><subfield code="a">IDSZ2esmon200901r</subfield><subfield code="c">IDSZ2esch</subfield></datafield><datafield ind1=" " ind2=" " tag="900"><subfield code="a">IDSZRMedeaZBZ</subfield></datafield></record>
</metadata></record>