<record><header><identifier>oai:alma.41SLSP_UGE:991000106029705502</identifier><datestamp>2023-10-08T04:44:49Z</datestamp><setSpec>uge_bcen_RapidILL_BOOK</setSpec><setSpec>uge_aaca_RapidILL_BOOK</setSpec><setSpec>uge_abels_RapidILL_BOOK</setSpec><setSpec>uge_dbu_RapidILL_BOOK</setSpec><setSpec>uge_cmu_RapidILL_BOOK</setSpec><setSpec>uge_mail_RapidILL_BOOK</setSpec><setSpec>uge_abbat_RapidILL_BOOK</setSpec><setSpec>UNIGE_ALL</setSpec><setSpec>uge_aobs_RapidILL_BOOK</setSpec><setSpec>uge_acar_RapidILL_BOOK</setSpec></header><metadata>
<record xmlns="http://www.loc.gov/MARC21/slim" xmlns:xsi="http://www.w3.org/2001/XMLSchema-instance" xsi:schemaLocation="http://www.loc.gov/MARC21/slim http://www.loc.gov/standards/marcxml/schema/MARC21slim.xsd"><leader>01902nam a2200433 c 4500</leader><controlfield tag="001">991000106029705502</controlfield><controlfield tag="005">20230406191440.0</controlfield><controlfield tag="008">201012s1984    ne ||||| |||| 10| ||eng d</controlfield><datafield ind1=" " ind2=" " tag="020"><subfield code="a">0444866752</subfield></datafield><datafield ind1="7" ind2=" " tag="024"><subfield code="a">http://catalogue.bnf.fr/ark:/12148/cb37353268s</subfield><subfield code="2">uri</subfield></datafield><datafield ind1=" " ind2=" " tag="035"><subfield code="a">(swissbib)241110084-41slsp_network</subfield></datafield><datafield ind1=" " ind2=" " tag="035"><subfield code="a">241110084</subfield><subfield code="9">ExL</subfield></datafield><datafield ind1=" " ind2=" " tag="035"><subfield code="a">(RERO)0543173-41slsp</subfield></datafield><datafield ind1=" " ind2=" " tag="035"><subfield code="a">(NEBIS)000307554EBI01</subfield></datafield><datafield ind1=" " ind2=" " tag="035"><subfield code="a">(IDSBB)002252040DSV01</subfield></datafield><datafield ind1=" " ind2=" " tag="035"><subfield code="a">(EXLNZ-41SLSP_NETWORK)991000284389705501</subfield></datafield><datafield ind1=" " ind2=" " tag="040"><subfield code="a">RERO</subfield><subfield code="d">CH-ZuSLS</subfield></datafield><datafield ind1=" " ind2="7" tag="072"><subfield code="a">py</subfield><subfield code="2">rero</subfield></datafield><datafield ind1=" " ind2=" " tag="084"><subfield code="a">UD 4847</subfield><subfield code="2">rvk</subfield></datafield><datafield ind1=" " ind2=" " tag="084"><subfield code="a">UG 3100</subfield><subfield code="2">rvk</subfield></datafield><datafield ind1=" " ind2=" " tag="084"><subfield code="a">UO 4000</subfield><subfield code="2">rvk</subfield></datafield><datafield ind1="0" ind2="0" tag="245"><subfield code="a">Développements récents en théorie des champs et mécanique statistique</subfield><subfield code="b">= Recent advances in field theory and statistical mechanics : Université de Grenoble, Les Houches, session 39, 2 août - 10 septembre 1982</subfield><subfield code="c">éd. par Jean-Bernard Zuber et Raymond Stora</subfield></datafield><datafield ind1="1" ind2=" " tag="246"><subfield code="a">Recent advances in field theory and statistical mechanics</subfield></datafield><datafield ind1=" " ind2="1" tag="264"><subfield code="a">Amsterdam</subfield><subfield code="a">New York [etc.]</subfield><subfield code="b">North-Holland</subfield><subfield code="c">1984</subfield></datafield><datafield ind1=" " ind2=" " tag="300"><subfield code="a">XXX, 871 p.</subfield><subfield code="b">ill.</subfield><subfield code="c">23 cm</subfield></datafield><datafield ind1=" " ind2=" " tag="336"><subfield code="b">txt</subfield><subfield code="2">rdacontent</subfield></datafield><datafield ind1=" " ind2=" " tag="337"><subfield code="b">n</subfield><subfield code="2">rdamedia</subfield></datafield><datafield ind1=" " ind2=" " tag="338"><subfield code="b">nc</subfield><subfield code="2">rdacarrier</subfield></datafield><datafield ind1=" " ind2=" " tag="500"><subfield code="a">Congrès de physique. Les Houches. 1982</subfield></datafield><datafield ind1=" " ind2="7" tag="650"><subfield code="a">théorie des champs</subfield><subfield code="0">(RERO)A009975736</subfield><subfield code="2">rerovoc</subfield></datafield><datafield ind1=" " ind2="7" tag="650"><subfield code="a">Mécanique statistique</subfield><subfield code="0">(IDREF)027570711</subfield><subfield code="2">idref</subfield></datafield><datafield ind1=" " ind2="7" tag="650"><subfield code="a">QUANTENFELDTHEORIE</subfield><subfield code="9">ger</subfield><subfield code="0">(ETHUDK)000014272</subfield><subfield code="2">ethudk</subfield></datafield><datafield ind1=" " ind2="7" tag="650"><subfield code="a">STATISTISCHE MECHANIK</subfield><subfield code="9">ger</subfield><subfield code="0">(ETHUDK)000014326</subfield><subfield code="2">ethudk</subfield></datafield><datafield ind1=" " ind2="7" tag="655"><subfield code="a">Actes de congrès</subfield><subfield code="0">(IDREF)02886431X</subfield><subfield code="2">idref</subfield></datafield><datafield ind1=" " ind2="7" tag="655"><subfield code="a">Konferenzschrift</subfield><subfield code="z">Les Houches</subfield><subfield code="y">1982</subfield><subfield code="2">gnd-content</subfield></datafield><datafield ind1="1" ind2=" " tag="700"><subfield code="a">Stora, Raymond</subfield><subfield code="c">physicien</subfield><subfield code="d">1930-2015</subfield><subfield code="0">(IDREF)031591086</subfield></datafield><datafield ind1="1" ind2=" " tag="700"><subfield code="a">Zuber, Jean-Bernard</subfield><subfield code="d">1946-....</subfield><subfield code="0">(IDREF)031592880</subfield></datafield><datafield ind1="2" ind2=" " tag="711"><subfield code="a">Ecole d'Eté de Physique Théorique</subfield><subfield code="0">(DE-588)3653-5</subfield></datafield><datafield ind1="2" ind2=" " tag="711"><subfield code="a">École d'été de physique théorique</subfield><subfield code="n">039</subfield><subfield code="d">1982</subfield><subfield code="c">Les Houches, Haute-Savoie, France</subfield><subfield code="0">(IDREF)031592953</subfield></datafield><datafield ind1=" " ind2=" " tag="900"><subfield code="a">REROnoselfmerge</subfield></datafield></record>
</metadata></record>