<record><header><identifier>oai:alma.41SLSP_UGE:991000106239705502</identifier><datestamp>2024-03-08T01:21:05Z</datestamp><setSpec>uge_bcen_RapidILL_BOOK</setSpec><setSpec>uge_aaca_RapidILL_BOOK</setSpec><setSpec>uge_abels_RapidILL_BOOK</setSpec><setSpec>uge_dbu_RapidILL_BOOK</setSpec><setSpec>uge_cmu_RapidILL_BOOK</setSpec><setSpec>uge_mail_RapidILL_BOOK</setSpec><setSpec>uge_abbat_RapidILL_BOOK</setSpec><setSpec>UNIGE_ALL</setSpec><setSpec>uge_acar_RapidILL_BOOK</setSpec><setSpec>uge_aobs_RapidILL_BOOK</setSpec></header><metadata>
<record xmlns="http://www.loc.gov/MARC21/slim" xmlns:xsi="http://www.w3.org/2001/XMLSchema-instance" xsi:schemaLocation="http://www.loc.gov/MARC21/slim http://www.loc.gov/standards/marcxml/schema/MARC21slim.xsd"><leader>01445nam a2200397 c 4500</leader><controlfield tag="001">991000106239705502</controlfield><controlfield tag="005">20240307234647.0</controlfield><controlfield tag="008">201011s1917    gw ||||| |||| 00| ||ger d</controlfield><datafield ind1=" " ind2=" " tag="035"><subfield code="a">(swissbib)215034252-41slsp_network</subfield></datafield><datafield ind1=" " ind2=" " tag="035"><subfield code="a">215034252</subfield><subfield code="9">ExL</subfield></datafield><datafield ind1=" " ind2=" " tag="035"><subfield code="a">(RERO)0263296-41slsp</subfield></datafield><datafield ind1=" " ind2=" " tag="035"><subfield code="a">(IDSBB)000813931DSV01</subfield></datafield><datafield ind1=" " ind2=" " tag="035"><subfield code="a">(NEBIS)003403705EBI01</subfield></datafield><datafield ind1=" " ind2=" " tag="035"><subfield code="a">(ABN)000542951ABN01</subfield></datafield><datafield ind1=" " ind2=" " tag="035"><subfield code="a">(EXLNZ-41SLSP_NETWORK)991084129249705501</subfield></datafield><datafield ind1=" " ind2=" " tag="040"><subfield code="a">RERO</subfield><subfield code="b">ger</subfield><subfield code="d">CH-ZuSLS</subfield><subfield code="e">rda</subfield></datafield><datafield ind1="0" ind2=" " tag="041"><subfield code="a">ger</subfield><subfield code="a">grc</subfield></datafield><datafield ind1=" " ind2="7" tag="072"><subfield code="a">gr</subfield><subfield code="2">rero</subfield></datafield><datafield ind1=" " ind2="7" tag="072"><subfield code="a">kp</subfield><subfield code="2">SzZuIDS BS/BE</subfield></datafield><datafield ind1="1" ind2=" " tag="080"><subfield code="a">807.5.55</subfield></datafield><datafield ind1="1" ind2=" " tag="100"><subfield code="a">Debrunner, Albert</subfield><subfield code="d">1884-1958</subfield><subfield code="6">880-01</subfield><subfield code="0">(DE-588)116042443</subfield><subfield code="4">aut</subfield></datafield><datafield ind1="1" ind2=" " tag="880"><subfield code="6">100-01</subfield><subfield code="a">Debrunner, Albert</subfield><subfield code="0">(RERO)A003162256</subfield><subfield code="4">cre</subfield></datafield><datafield ind1="1" ind2="0" tag="245"><subfield code="a">Griechische Wortbildungslehre</subfield><subfield code="c">von Albert Debrunner</subfield></datafield><datafield ind1=" " ind2="1" tag="264"><subfield code="a">Heidelberg</subfield><subfield code="b">C. Winters Universitätsbuchhandlung</subfield><subfield code="c">1917</subfield></datafield><datafield ind1=" " ind2=" " tag="300"><subfield code="a">XIV, 239 Seiten</subfield><subfield code="c">20 cm</subfield></datafield><datafield ind1=" " ind2=" " tag="336"><subfield code="b">txt</subfield><subfield code="2">rdacontent</subfield></datafield><datafield ind1=" " ind2=" " tag="337"><subfield code="b">n</subfield><subfield code="2">rdamedia</subfield></datafield><datafield ind1=" " ind2=" " tag="338"><subfield code="b">nc</subfield><subfield code="2">rdacarrier</subfield></datafield><datafield ind1="1" ind2=" " tag="490"><subfield code="a">Indogermanische Bibliothek. 2. Abteilung, Sprachwissenschaftliche Gymnasialbibliothek</subfield><subfield code="v">8. Bd.</subfield></datafield><datafield ind1=" " ind2="7" tag="650"><subfield code="a">Morphologie (linguistique)</subfield><subfield code="0">(IDREF)028686160</subfield><subfield code="2">idref</subfield></datafield><datafield ind1=" " ind2="7" tag="650"><subfield code="a">Grec (langue)</subfield><subfield code="0">(IDREF)027228363</subfield><subfield code="2">idref</subfield></datafield><datafield ind1=" " ind2="4" tag="650"><subfield code="a">Griechisch</subfield></datafield><datafield ind1=" " ind2="4" tag="650"><subfield code="a">Wortbildung</subfield></datafield><datafield ind1=" " ind2=" " tag="830"><subfield code="a">Indogermanische Bibliothek</subfield><subfield code="p">Abteilung 2, Sprachwissenschaftliche Gymnasialbibliothek</subfield><subfield code="v">8</subfield><subfield code="w">(IDSBB)000780998DSV01</subfield></datafield><datafield ind1=" " ind2=" " tag="900"><subfield code="a">REROnoselfmerge</subfield></datafield><datafield ind1=" " ind2=" " tag="900"><subfield code="a">IDSZRMedeaZBZ</subfield><subfield code="b">IDSZRSWK</subfield></datafield><datafield ind1=" " ind2=" " tag="900"><subfield code="f">IDSU2medea</subfield></datafield></record>
</metadata></record>