<record><header><identifier>oai:alma.41SLSP_UGE:991000106759705502</identifier><datestamp>2023-04-07T00:20:45Z</datestamp><setSpec>uge_bcen_RapidILL_BOOK</setSpec><setSpec>uge_aaca_RapidILL_BOOK</setSpec><setSpec>uge_abels_RapidILL_BOOK</setSpec><setSpec>uge_dbu_RapidILL_BOOK</setSpec><setSpec>uge_cmu_RapidILL_BOOK</setSpec><setSpec>uge_mail_RapidILL_BOOK</setSpec><setSpec>uge_abbat_RapidILL_BOOK</setSpec><setSpec>UNIGE_ALL</setSpec><setSpec>uge_acar_RapidILL_BOOK</setSpec><setSpec>uge_aobs_RapidILL_BOOK</setSpec></header><metadata>
<record xmlns="http://www.loc.gov/MARC21/slim" xmlns:xsi="http://www.w3.org/2001/XMLSchema-instance" xsi:schemaLocation="http://www.loc.gov/MARC21/slim http://www.loc.gov/standards/marcxml/schema/MARC21slim.xsd"><leader>01479nam a2200409 c 4500</leader><controlfield tag="001">991000106759705502</controlfield><controlfield tag="005">20230406111438.0</controlfield><controlfield tag="008">201011s1996    sp            00| | spa|d</controlfield><datafield ind1=" " ind2=" " tag="020"><subfield code="a">8437614910</subfield></datafield><datafield ind1=" " ind2=" " tag="035"><subfield code="a">(swissbib)222783664-41slsp_network</subfield></datafield><datafield ind1=" " ind2=" " tag="035"><subfield code="a">222783664</subfield><subfield code="9">ExL</subfield></datafield><datafield ind1=" " ind2=" " tag="035"><subfield code="a">(IDSBB)005940690DSV01</subfield></datafield><datafield ind1=" " ind2=" " tag="035"><subfield code="a">(RERO)R217595160-41slsp</subfield></datafield><datafield ind1=" " ind2=" " tag="035"><subfield code="a">(NEBIS)008000427EBI01</subfield></datafield><datafield ind1=" " ind2=" " tag="035"><subfield code="a">(EXLNZ-41SLSP_NETWORK)991155750959705501</subfield></datafield><datafield ind1=" " ind2=" " tag="040"><subfield code="a">RERO frbcuc</subfield><subfield code="b">ger</subfield><subfield code="e">rda</subfield><subfield code="d">CH-ZuSLS</subfield></datafield><datafield ind1=" " ind2="7" tag="072"><subfield code="a">es</subfield><subfield code="2">rero</subfield></datafield><datafield ind1="1" ind2=" " tag="080"><subfield code="a">860&quot;19&quot;AYA7Mue</subfield></datafield><datafield ind1="0" ind2="4" tag="082"><subfield code="a">863.62</subfield></datafield><datafield ind1=" " ind2=" " tag="084"><subfield code="a">IP 3295</subfield><subfield code="2">rvk</subfield></datafield><datafield ind1="1" ind2=" " tag="100"><subfield code="6">880-01</subfield><subfield code="a">Ayala, Francisco</subfield><subfield code="d">1906-2009</subfield><subfield code="0">(DE-588)11884492X</subfield><subfield code="e">Verfasser</subfield><subfield code="4">aut</subfield></datafield><datafield ind1="1" ind2=" " tag="880"><subfield code="6">100-01</subfield><subfield code="a">Ayala, Francisco</subfield><subfield code="d">1906-2009</subfield><subfield code="0">(IDREF)026648962</subfield><subfield code="4">cre</subfield></datafield><datafield ind1="1" ind2="0" tag="245"><subfield code="a">Muertes de perro</subfield><subfield code="c">Franciso Ayala ; edición de Nelson R. Orringer</subfield></datafield><datafield ind1=" " ind2=" " tag="250"><subfield code="a">Primera edición</subfield></datafield><datafield ind1=" " ind2="1" tag="264"><subfield code="a">Madrid</subfield><subfield code="b">Ediciones Cátedra</subfield><subfield code="c">1996</subfield></datafield><datafield ind1=" " ind2=" " tag="300"><subfield code="a">278 p.</subfield><subfield code="b">portr.</subfield><subfield code="c">18 cm</subfield></datafield><datafield ind1=" " ind2=" " tag="336"><subfield code="b">txt</subfield><subfield code="2">rdacontent</subfield></datafield><datafield ind1=" " ind2=" " tag="337"><subfield code="b">n</subfield><subfield code="2">rdamedia</subfield></datafield><datafield ind1=" " ind2=" " tag="338"><subfield code="b">nc</subfield><subfield code="2">rdacarrier</subfield></datafield><datafield ind1="1" ind2=" " tag="490"><subfield code="a">Letras Hispánicas</subfield><subfield code="v">420</subfield></datafield><datafield ind1=" " ind2=" " tag="500"><subfield code="a">Hier auch später erschienene, unveränderte Nachdrucke</subfield></datafield><datafield ind1=" " ind2=" " tag="504"><subfield code="a">Bibliogr.: p. 63-67</subfield></datafield><datafield ind1="1" ind2=" " tag="700"><subfield code="6">880-02</subfield><subfield code="a">Orringer, Nelson R.</subfield><subfield code="d">1940-</subfield><subfield code="0">(DE-588)1057227692</subfield><subfield code="e">Herausgeber</subfield><subfield code="4">edt</subfield></datafield><datafield ind1="1" ind2=" " tag="880"><subfield code="6">700-02</subfield><subfield code="a">Orringer, Nelson R.</subfield><subfield code="0">(IDREF)028775198</subfield></datafield><datafield ind1=" " ind2=" " tag="830"><subfield code="a">Letras hispánicas</subfield><subfield code="v">420</subfield><subfield code="w">(NEBIS)001000722EBI01</subfield></datafield><datafield ind1=" " ind2=" " tag="830"><subfield code="a">Letras hispánicas</subfield><subfield code="p">Cátedra</subfield><subfield code="v">420</subfield><subfield code="w">(RERO)0139749-41slsp</subfield></datafield><datafield ind1=" " ind2=" " tag="900"><subfield code="a">IDSDSStoppsignal FRED</subfield></datafield><datafield ind1=" " ind2=" " tag="900"><subfield code="a">REROnoselfmerge</subfield></datafield><datafield ind1=" " ind2=" " tag="993"><subfield code="a">BFLA 116513</subfield><subfield code="x">ge/ules/a/98/2</subfield><subfield code="9">LOCAL</subfield></datafield></record>
</metadata></record>