<record><header><identifier>oai:alma.41SLSP_UGE:991000106869705502</identifier><datestamp>2023-04-11T00:12:02Z</datestamp><setSpec>uge_bcen_RapidILL_BOOK</setSpec><setSpec>uge_aaca_RapidILL_BOOK</setSpec><setSpec>uge_abels_RapidILL_BOOK</setSpec><setSpec>uge_dbu_RapidILL_BOOK</setSpec><setSpec>uge_cmu_RapidILL_BOOK</setSpec><setSpec>uge_mail_RapidILL_BOOK</setSpec><setSpec>uge_abbat_RapidILL_BOOK</setSpec><setSpec>UNIGE_ALL</setSpec><setSpec>uge_aobs_RapidILL_BOOK</setSpec><setSpec>uge_acar_RapidILL_BOOK</setSpec></header><metadata>
<record xmlns="http://www.loc.gov/MARC21/slim" xmlns:xsi="http://www.w3.org/2001/XMLSchema-instance" xsi:schemaLocation="http://www.loc.gov/MARC21/slim http://www.loc.gov/standards/marcxml/schema/MARC21slim.xsd"><leader>03306nam a2200685 c 4500</leader><controlfield tag="001">991000106869705502</controlfield><controlfield tag="005">20230410183424.0</controlfield><controlfield tag="008">201011t20182018be       |||| 000 0 eng|d</controlfield><datafield ind1=" " ind2=" " tag="020"><subfield code="z">9782503574462</subfield><subfield code="q">eISBN</subfield></datafield><datafield ind1=" " ind2=" " tag="020"><subfield code="a">2503574459</subfield></datafield><datafield ind1=" " ind2=" " tag="020"><subfield code="a">9782503574455</subfield></datafield><datafield ind1=" " ind2=" " tag="035"><subfield code="a">(swissbib)231434847-41slsp_network</subfield></datafield><datafield ind1=" " ind2=" " tag="035"><subfield code="a">231434847</subfield><subfield code="9">ExL</subfield></datafield><datafield ind1=" " ind2=" " tag="035"><subfield code="a">(IDSBB)006739199DSV01</subfield></datafield><datafield ind1=" " ind2=" " tag="035"><subfield code="a">(NEBIS)011052557EBI01</subfield></datafield><datafield ind1=" " ind2=" " tag="035"><subfield code="a">(RERO)R008719966-41slsp</subfield></datafield><datafield ind1=" " ind2=" " tag="035"><subfield code="a">(OCoLC)993772571</subfield></datafield><datafield ind1=" " ind2=" " tag="035"><subfield code="a">(EXLNZ-41SLSP_NETWORK)991084013669705501</subfield></datafield><datafield ind1=" " ind2=" " tag="040"><subfield code="a">YDX</subfield><subfield code="b">ger</subfield><subfield code="e">rda</subfield><subfield code="d">CH-ZuSLS</subfield></datafield><datafield ind1=" " ind2="4" tag="050"><subfield code="a">L</subfield></datafield><datafield ind1=" " ind2="7" tag="072"><subfield code="a">is</subfield><subfield code="2">SzZuIDS BS/BE</subfield></datafield><datafield ind1=" " ind2="7" tag="072"><subfield code="a">hg</subfield><subfield code="2">rero</subfield></datafield><datafield ind1=" " ind2="7" tag="072"><subfield code="a">sg</subfield><subfield code="2">rero</subfield></datafield><datafield ind1="0" ind2="4" tag="082"><subfield code="a">370</subfield></datafield><datafield ind1="1" ind2="4" tag="082"><subfield code="a">297</subfield><subfield code="2">15</subfield></datafield><datafield ind1="1" ind2="4" tag="082"><subfield code="a">000</subfield><subfield code="2">15</subfield></datafield><datafield ind1="1" ind2=" " tag="100"><subfield code="a">Brentjes, Sonja</subfield><subfield code="d">1951-</subfield><subfield code="0">(DE-588)1027167187</subfield><subfield code="e">Verfasser</subfield><subfield code="4">aut</subfield><subfield code="6">880-01</subfield></datafield><datafield ind1="1" ind2=" " tag="880"><subfield code="6">100-01</subfield><subfield code="a">Brentjes, Sonja</subfield><subfield code="d">1951-....</subfield><subfield code="0">(IDREF)071032290</subfield><subfield code="4">cre</subfield></datafield><datafield ind1="1" ind2="0" tag="245"><subfield code="a">Teaching and learning the sciences in Islamicate societies (800-1700)</subfield><subfield code="c">by Sonja Brentjes</subfield></datafield><datafield ind1=" " ind2="1" tag="264"><subfield code="a">Turnhout</subfield><subfield code="b">Brepols</subfield><subfield code="c">[2018]</subfield></datafield><datafield ind1=" " ind2="4" tag="264"><subfield code="c">© 2018</subfield></datafield><datafield ind1=" " ind2=" " tag="300"><subfield code="a">334 Seiten</subfield><subfield code="b">Illustrationen</subfield></datafield><datafield ind1=" " ind2=" " tag="336"><subfield code="b">txt</subfield><subfield code="2">rdacontent</subfield></datafield><datafield ind1=" " ind2=" " tag="337"><subfield code="b">n</subfield><subfield code="2">rdamedia</subfield></datafield><datafield ind1=" " ind2=" " tag="338"><subfield code="b">nc</subfield><subfield code="2">rdacarrier</subfield></datafield><datafield ind1="1" ind2=" " tag="490"><subfield code="a">Studies on the faculty of arts. History and influence</subfield><subfield code="v">Volume 3</subfield></datafield><datafield ind1="8" ind2=" " tag="520"><subfield code="a">This book surveys teaching and learning of the mathematical and occult sciences, medicine and natural philosophy in various Islamicate societies between 800 and 1700. It focuses in particular on Egypt and Syria between 1200 and 1600, but looks up also developments in Iran, India, Anatolia, and Iraq. It talks about institutions of teaching and learning such as house and court teachers, madrasas, hospitals, in-family teaching and travelling in search of knowledge and the content of the various sciences taught by or at them. Methods of teaching and learning, teaching bestsellers and their geographical and temporal dissemination, as well as encyclopaedias and literature on the classification of the sciences will be discussed in further chapters.</subfield></datafield><datafield ind1=" " ind2="7" tag="648"><subfield code="a">Geschichte 800-1700</subfield><subfield code="2">gnd</subfield></datafield><datafield ind1=" " ind2="7" tag="650"><subfield code="a">Grenzwissenschaften</subfield><subfield code="0">(DE-588)4195347-2</subfield><subfield code="2">gnd</subfield></datafield><datafield ind1=" " ind2="7" tag="650"><subfield code="a">Mathematik</subfield><subfield code="0">(DE-588)4037944-9</subfield><subfield code="2">gnd</subfield></datafield><datafield ind1=" " ind2="7" tag="650"><subfield code="a">Naturphilosophie</subfield><subfield code="0">(DE-588)4041408-5</subfield><subfield code="2">gnd</subfield></datafield><datafield ind1=" " ind2="7" tag="650"><subfield code="a">Islam</subfield><subfield code="0">(DE-588)4027743-4</subfield><subfield code="2">gnd</subfield></datafield><datafield ind1=" " ind2="7" tag="650"><subfield code="a">Lehre</subfield><subfield code="0">(DE-588)4241291-2</subfield><subfield code="2">gnd</subfield></datafield><datafield ind1=" " ind2="7" tag="650"><subfield code="a">Lernen</subfield><subfield code="0">(DE-588)4035408-8</subfield><subfield code="2">gnd</subfield></datafield><datafield ind1=" " ind2="7" tag="650"><subfield code="a">Medizin</subfield><subfield code="0">(DE-588)4038243-6</subfield><subfield code="2">gnd</subfield></datafield><datafield ind1=" " ind2="7" tag="650"><subfield code="a">Wissenschaft</subfield><subfield code="0">(DE-588)4066562-8</subfield><subfield code="2">gnd</subfield></datafield><datafield ind1=" " ind2="7" tag="650"><subfield code="a">Sciences arabes</subfield><subfield code="0">(IDREF)033252831</subfield><subfield code="2">idref</subfield></datafield><datafield ind1=" " ind2="7" tag="650"><subfield code="a">Islam</subfield><subfield code="0">(IDREF)027266834</subfield><subfield code="2">idref</subfield></datafield><datafield ind1=" " ind2="7" tag="650"><subfield code="a">Sciences</subfield><subfield code="0">(IDREF)027248275</subfield><subfield code="2">idref</subfield></datafield><datafield ind1=" " ind2="7" tag="650"><subfield code="a">Savoir et érudition</subfield><subfield code="0">(IDREF)027248216</subfield><subfield code="2">idref</subfield></datafield><datafield ind1=" " ind2="7" tag="650"><subfield code="a">Étude et enseignement</subfield><subfield code="0">(IDREF)027789853</subfield><subfield code="2">idref</subfield></datafield><datafield ind1=" " ind2="7" tag="650"><subfield code="a">Histoire</subfield><subfield code="0">(IDREF)02726470X</subfield><subfield code="2">idref</subfield></datafield><datafield ind1=" " ind2="7" tag="651"><subfield code="a">Orient</subfield><subfield code="0">(DE-588)4075699-3</subfield><subfield code="2">gnd</subfield></datafield><datafield ind1=" " ind2="7" tag="651"><subfield code="a">Pays islamiques</subfield><subfield code="0">(IDREF)027234592</subfield><subfield code="2">idref</subfield></datafield><datafield ind1="4" ind2=" " tag="856"><subfield code="3">Inhaltsverzeichnis</subfield><subfield code="u">http://www.ub.unibas.ch/tox/IDSBB/006739199/PDF</subfield><subfield code="q">pdf</subfield></datafield><datafield ind1=" " ind2=" " tag="830"><subfield code="a">Studies on the faculty of arts</subfield><subfield code="v">3</subfield><subfield code="w">(NEBIS)011093795EBI01</subfield></datafield><datafield ind1=" " ind2=" " tag="830"><subfield code="a">Studies on the faculty of arts</subfield><subfield code="v">3</subfield><subfield code="w">(IDSBB)006346587DSV01</subfield></datafield><datafield ind1=" " ind2=" " tag="900"><subfield code="a">IDSDSStoppsignal FRED</subfield><subfield code="x">12.10.2018</subfield></datafield><datafield ind1=" " ind2=" " tag="900"><subfield code="a">REROnoselfmerge</subfield></datafield><datafield ind1=" " ind2=" " tag="910"><subfield code="a">OCoLC</subfield><subfield code="b">20171020</subfield><subfield code="c">Droits réservés</subfield></datafield><datafield ind1=" " ind2=" " tag="949"><subfield code="a">http://www.ub.unibas.ch/tox/IDSBB/006739199/PDF</subfield></datafield></record>
</metadata></record>