<record><header><identifier>oai:alma.41SLSP_UGE:991000106139705502</identifier><datestamp>2023-03-01T01:10:28Z</datestamp><setSpec>uge_bcen_RapidILL_BOOK</setSpec><setSpec>uge_aaca_RapidILL_BOOK</setSpec><setSpec>uge_abels_RapidILL_BOOK</setSpec><setSpec>uge_dbu_RapidILL_BOOK</setSpec><setSpec>uge_cmu_RapidILL_BOOK</setSpec><setSpec>uge_mail_RapidILL_BOOK</setSpec><setSpec>UNIGE_ALL</setSpec><setSpec>uge_abbat_RapidILL_BOOK</setSpec><setSpec>uge_aobs_RapidILL_BOOK</setSpec><setSpec>uge_acar_RapidILL_BOOK</setSpec></header><metadata>
<record xmlns="http://www.loc.gov/MARC21/slim" xmlns:xsi="http://www.w3.org/2001/XMLSchema-instance" xsi:schemaLocation="http://www.loc.gov/MARC21/slim http://www.loc.gov/standards/marcxml/schema/MARC21slim.xsd"><leader>01081nam a2200265 c 4500</leader><controlfield tag="001">991000106139705502</controlfield><controlfield tag="005">20201227162958.0</controlfield><controlfield tag="008">200717s1921    it            00| | ita d</controlfield><datafield ind1=" " ind2=" " tag="035"><subfield code="a">(swissbib)126618992-41slsp_network</subfield></datafield><datafield ind1=" " ind2=" " tag="035"><subfield code="a">126618992</subfield><subfield code="9">ExL</subfield></datafield><datafield ind1=" " ind2=" " tag="035"><subfield code="a">(RERO)R009061154-41slsp</subfield></datafield><datafield ind1=" " ind2=" " tag="035"><subfield code="a">(EXLNZ-41SLSP_NETWORK)991024268019705501</subfield></datafield><datafield ind1=" " ind2=" " tag="040"><subfield code="a">RERO gefoha</subfield><subfield code="d">CH-ZuSLS</subfield></datafield><datafield ind1=" " ind2="7" tag="072"><subfield code="a">ba</subfield><subfield code="2">rero</subfield></datafield><datafield ind1="1" ind2=" " tag="100"><subfield code="a">Melani, Alfredo</subfield><subfield code="d">1859-1928</subfield><subfield code="0">(IDREF)057337373</subfield><subfield code="4">aut</subfield></datafield><datafield ind1="1" ind2="0" tag="245"><subfield code="a">&lt;&lt;L'&gt;&gt;arte di distinguere gli stili</subfield><subfield code="c">Alfredo Melani</subfield></datafield><datafield ind1=" " ind2=" " tag="250"><subfield code="a">2e ed. migliorata</subfield></datafield><datafield ind1=" " ind2="1" tag="264"><subfield code="a">Milano</subfield><subfield code="b">U. Hoepli</subfield><subfield code="c">1921</subfield></datafield><datafield ind1=" " ind2=" " tag="300"><subfield code="a">3 vols.</subfield><subfield code="b">ill.</subfield></datafield><datafield ind1=" " ind2=" " tag="336"><subfield code="b">txt</subfield><subfield code="2">rdacontent</subfield></datafield><datafield ind1=" " ind2=" " tag="337"><subfield code="b">n</subfield><subfield code="2">rdamedia</subfield></datafield><datafield ind1=" " ind2=" " tag="338"><subfield code="b">nc</subfield><subfield code="2">rdacarrier</subfield></datafield><datafield ind1="0" ind2=" " tag="505"><subfield code="a">Vol. 1: Architettura, scultura applicata, arte decorativa : legni, metalli, tessuti, ecc. . - 1921. - 676 p.</subfield></datafield><datafield ind1="0" ind2=" " tag="505"><subfield code="a">Vol. 2: Legni e metalli: legni (mobili) ferri. Bronzi, stagni, ori, argenti, smalti, ecc. . - 1921. - 697 p.</subfield></datafield><datafield ind1="0" ind2=" " tag="505"><subfield code="a">Vol. 3: Ceramiche, porcellane, vetri. Stoffe, arazzi, tappeli, ricami, pizzi. Avori, alabastri, cuoi, ventagli . - 1921. - 558 p.</subfield></datafield><datafield ind1=" " ind2=" " tag="900"><subfield code="a">REROnoselfmerge</subfield></datafield></record>
</metadata></record>