<record><header><identifier>oai:alma.41SLSP_UGE:991000106039705502</identifier><datestamp>2024-03-08T01:24:37Z</datestamp><setSpec>uge_bcen_RapidILL_BOOK</setSpec><setSpec>uge_aaca_RapidILL_BOOK</setSpec><setSpec>uge_abels_RapidILL_BOOK</setSpec><setSpec>uge_dbu_RapidILL_BOOK</setSpec><setSpec>uge_cmu_RapidILL_BOOK</setSpec><setSpec>uge_mail_RapidILL_BOOK</setSpec><setSpec>uge_abbat_RapidILL_BOOK</setSpec><setSpec>UNIGE_ALL</setSpec><setSpec>uge_acar_RapidILL_BOOK</setSpec><setSpec>uge_aobs_RapidILL_BOOK</setSpec></header><metadata>
<record xmlns="http://www.loc.gov/MARC21/slim" xmlns:xsi="http://www.w3.org/2001/XMLSchema-instance" xsi:schemaLocation="http://www.loc.gov/MARC21/slim http://www.loc.gov/standards/marcxml/schema/MARC21slim.xsd"><leader>00913nam a2200265 c 4500</leader><controlfield tag="001">991000106039705502</controlfield><controlfield tag="005">20240307160335.0</controlfield><controlfield tag="008">880616s1922    gw ||||| |||| 00| ||ger d</controlfield><datafield ind1=" " ind2=" " tag="035"><subfield code="a">(swissbib)082844747-41slsp_network</subfield></datafield><datafield ind1=" " ind2=" " tag="035"><subfield code="a">082844747</subfield><subfield code="9">ExL</subfield></datafield><datafield ind1=" " ind2=" " tag="035"><subfield code="a">(RERO)0988850-41slsp</subfield></datafield><datafield ind1=" " ind2=" " tag="035"><subfield code="a">(EXLNZ-41SLSP_NETWORK)991131748509705501</subfield></datafield><datafield ind1=" " ind2=" " tag="040"><subfield code="a">RERO fru-le</subfield><subfield code="d">CH-ZuSLS</subfield></datafield><datafield ind1=" " ind2="7" tag="072"><subfield code="a">ha</subfield><subfield code="2">rero</subfield></datafield><datafield ind1="1" ind2=" " tag="080"><subfield code="a">931(02)</subfield></datafield><datafield ind1="0" ind2="0" tag="245"><subfield code="a">Einleitung in die Altertumswissenschaft</subfield><subfield code="c">hrsg. von Alfred Gercke und Eduard Norden.</subfield><subfield code="n">Bd. 2</subfield><subfield code="p">Griechisches und römisches Privatleben, Münzkunde</subfield></datafield><datafield ind1=" " ind2=" " tag="250"><subfield code="a">3. Aufl</subfield></datafield><datafield ind1=" " ind2="1" tag="264"><subfield code="a">Leipzig [etc.]</subfield><subfield code="b">B.G. Teubner</subfield><subfield code="c">1922</subfield></datafield><datafield ind1=" " ind2=" " tag="300"><subfield code="a">494 p.</subfield></datafield><datafield ind1=" " ind2=" " tag="336"><subfield code="b">txt</subfield><subfield code="2">rdacontent</subfield></datafield><datafield ind1=" " ind2=" " tag="337"><subfield code="b">n</subfield><subfield code="2">rdamedia</subfield></datafield><datafield ind1=" " ind2=" " tag="338"><subfield code="b">nc</subfield><subfield code="2">rdacarrier</subfield></datafield><datafield ind1="1" ind2=" " tag="700"><subfield code="a">Gercke, Alfred</subfield><subfield code="d">1860-1922</subfield><subfield code="0">(DE-588)116565802</subfield></datafield><datafield ind1="1" ind2=" " tag="700"><subfield code="a">Norden, Eduard</subfield><subfield code="d">1868-1941</subfield><subfield code="0">(DE-588)118786423</subfield></datafield><datafield ind1=" " ind2="0" tag="830"><subfield code="a">Einleitung in die Altertumswissenschaft</subfield><subfield code="v">2</subfield></datafield><datafield ind1=" " ind2=" " tag="900"><subfield code="a">REROnoselfmerge</subfield></datafield></record>
</metadata></record>