<record><header><identifier>oai:alma.41SLSP_UGE:991000106559705502</identifier><datestamp>2023-04-11T00:11:18Z</datestamp><setSpec>uge_bcen_RapidILL_BOOK</setSpec><setSpec>uge_aaca_RapidILL_BOOK</setSpec><setSpec>uge_abels_RapidILL_BOOK</setSpec><setSpec>uge_dbu_RapidILL_BOOK</setSpec><setSpec>uge_cmu_RapidILL_BOOK</setSpec><setSpec>uge_mail_RapidILL_BOOK</setSpec><setSpec>uge_abbat_RapidILL_BOOK</setSpec><setSpec>UNIGE_ALL</setSpec><setSpec>uge_acar_RapidILL_BOOK</setSpec><setSpec>uge_aobs_RapidILL_BOOK</setSpec></header><metadata>
<record xmlns="http://www.loc.gov/MARC21/slim" xmlns:xsi="http://www.w3.org/2001/XMLSchema-instance" xsi:schemaLocation="http://www.loc.gov/MARC21/slim http://www.loc.gov/standards/marcxml/schema/MARC21slim.xsd"><leader>02836nam a2200769 c 4500</leader><controlfield tag="001">991000106559705502</controlfield><controlfield tag="005">20230410204850.0</controlfield><controlfield tag="008">201011s1973    ne ||||| |||| 01| ||ger d</controlfield><datafield ind1=" " ind2=" " tag="020"><subfield code="a">9780720460360</subfield></datafield><datafield ind1=" " ind2=" " tag="020"><subfield code="a">0444105670</subfield></datafield><datafield ind1=" " ind2=" " tag="020"><subfield code="a">9780444105677</subfield></datafield><datafield ind1=" " ind2=" " tag="020"><subfield code="a">0720460360</subfield></datafield><datafield ind1="7" ind2=" " tag="024"><subfield code="a">http://catalogue.bnf.fr/ark:/12148/cb35312947d</subfield><subfield code="2">uri</subfield></datafield><datafield ind1=" " ind2=" " tag="035"><subfield code="a">(swissbib)228244110-41slsp_network</subfield></datafield><datafield ind1=" " ind2=" " tag="035"><subfield code="a">228244110</subfield><subfield code="9">ExL</subfield></datafield><datafield ind1=" " ind2=" " tag="035"><subfield code="a">(RERO)0071768-41slsp</subfield></datafield><datafield ind1=" " ind2=" " tag="035"><subfield code="a">(IDSBB)000536035DSV01</subfield></datafield><datafield ind1=" " ind2=" " tag="035"><subfield code="a">(NEBIS)002830013EBI01</subfield></datafield><datafield ind1=" " ind2=" " tag="035"><subfield code="a">(IDSLU)000664221ILU01</subfield></datafield><datafield ind1=" " ind2=" " tag="035"><subfield code="a">(OCoLC)185774011</subfield></datafield><datafield ind1=" " ind2=" " tag="035"><subfield code="a">(EXLNZ-41SLSP_NETWORK)991046782469705501</subfield></datafield><datafield ind1=" " ind2=" " tag="040"><subfield code="a">RERO</subfield><subfield code="d">CH-ZuSLS</subfield></datafield><datafield ind1="0" ind2=" " tag="041"><subfield code="a">ger</subfield><subfield code="a">eng</subfield><subfield code="a">fre</subfield></datafield><datafield ind1=" " ind2=" " tag="044"><subfield code="a">ne</subfield><subfield code="a">xxk</subfield></datafield><datafield ind1=" " ind2="7" tag="072"><subfield code="a">lg</subfield><subfield code="2">rero</subfield></datafield><datafield ind1=" " ind2="7" tag="072"><subfield code="a">ph</subfield><subfield code="2">rero</subfield></datafield><datafield ind1=" " ind2="7" tag="072"><subfield code="a">th</subfield><subfield code="2">SzZuIDS BS/BE</subfield></datafield><datafield ind1="0" ind2="4" tag="082"><subfield code="a">209/.015</subfield><subfield code="2">19</subfield></datafield><datafield ind1="0" ind2="4" tag="082"><subfield code="a">180.8</subfield></datafield><datafield ind1="0" ind2="4" tag="082"><subfield code="a">200.8</subfield></datafield><datafield ind1="0" ind2="4" tag="082"><subfield code="a">230</subfield></datafield><datafield ind1="0" ind2="4" tag="082"><subfield code="a">930</subfield></datafield><datafield ind1=" " ind2=" " tag="084"><subfield code="a">C</subfield><subfield code="2">kssb</subfield></datafield><datafield ind1="0" ind2="0" tag="245"><subfield code="a">Romanitas et Christianitas</subfield><subfield code="b">studia Iano Henrico Waszink A.D. VI Kal. Nov. A. MCMLXXIII XIII lustra complenti oblata</subfield><subfield code="c">ed. W. den Boer, P.G. van der Nat [et al.]</subfield></datafield><datafield ind1=" " ind2="1" tag="264"><subfield code="a">Amsterdam</subfield><subfield code="a">London</subfield><subfield code="b">North-Holland Publ. Company</subfield><subfield code="c">1973</subfield></datafield><datafield ind1=" " ind2=" " tag="300"><subfield code="a">XVI, 382 S.</subfield><subfield code="b">1 tab.</subfield><subfield code="c">23 cm</subfield></datafield><datafield ind1=" " ind2=" " tag="336"><subfield code="b">txt</subfield><subfield code="2">rdacontent</subfield></datafield><datafield ind1=" " ind2=" " tag="337"><subfield code="b">n</subfield><subfield code="2">rdamedia</subfield></datafield><datafield ind1=" " ind2=" " tag="338"><subfield code="b">nc</subfield><subfield code="2">rdacarrier</subfield></datafield><datafield ind1=" " ind2=" " tag="500"><subfield code="a">Enth.: Iani Henrici Waszink scriptorum elenchus</subfield></datafield><datafield ind1="0" ind2=" " tag="505"><subfield code="a">S. i-xvi: Iani Henrici Waszink scriptorum elenchus</subfield></datafield><datafield ind1="1" ind2="0" tag="600"><subfield code="a">Waszink, J. H</subfield><subfield code="q">Jan Hendrik</subfield><subfield code="d">1908-1990</subfield></datafield><datafield ind1="1" ind2="0" tag="600"><subfield code="a">Waszink, J. H</subfield><subfield code="q">Jan Hendrik</subfield><subfield code="d">1908-1990</subfield><subfield code="v">Bibliography</subfield></datafield><datafield ind1="1" ind2="0" tag="600"><subfield code="a">Waszink, J. H</subfield><subfield code="q">Jan Hendrik</subfield><subfield code="d">1908-1990</subfield><subfield code="x">Bibliography</subfield></datafield><datafield ind1=" " ind2="4" tag="650"><subfield code="a">Christentum</subfield></datafield><datafield ind1=" " ind2="7" tag="650"><subfield code="a">Christentum</subfield><subfield code="0">(DE-588)4010074-1</subfield><subfield code="2">gnd</subfield></datafield><datafield ind1=" " ind2="0" tag="650"><subfield code="a">Church history, Primitive and early church</subfield></datafield><datafield ind1=" " ind2="0" tag="650"><subfield code="a">Church history</subfield><subfield code="x">Primitive and early church</subfield></datafield><datafield ind1=" " ind2="0" tag="650"><subfield code="a">Church history</subfield><subfield code="y">Primitive and early church, ca. 30-600</subfield></datafield><datafield ind1=" " ind2="0" tag="650"><subfield code="a">Philosophy, Ancient</subfield></datafield><datafield ind1=" " ind2="0" tag="650"><subfield code="a">Theology</subfield></datafield><datafield ind1=" " ind2="4" tag="651"><subfield code="a">Römisches Reich</subfield></datafield><datafield ind1=" " ind2="7" tag="651"><subfield code="a">Römisches Reich</subfield><subfield code="0">(DE-588)4076778-4</subfield><subfield code="2">gnd</subfield></datafield><datafield ind1=" " ind2="4" tag="655"><subfield code="a">Aufsatzsammlung</subfield></datafield><datafield ind1=" " ind2="7" tag="655"><subfield code="a">Aufsatzsammlung</subfield><subfield code="2">gnd-content</subfield></datafield><datafield ind1=" " ind2="7" tag="655"><subfield code="a">Festschrift</subfield><subfield code="2">gnd-content</subfield></datafield><datafield ind1=" " ind2=" " tag="690"><subfield code="a">Patrologie. A. Aufsätze</subfield><subfield code="2">rzs-L1</subfield></datafield><datafield ind1="1" ind2=" " tag="700"><subfield code="a">Waszink, Jan Hendrik</subfield><subfield code="d">1908-1990</subfield><subfield code="0">(DE-588)107671662</subfield></datafield><datafield ind1="1" ind2=" " tag="700"><subfield code="a">Waszink, Jan Hendrik</subfield></datafield><datafield ind1="1" ind2=" " tag="700"><subfield code="a">Nat, Pieter Gijsbertus van der</subfield><subfield code="0">(RERO)A012331545</subfield></datafield><datafield ind1="1" ind2=" " tag="700"><subfield code="a">Waszink, Jan Hendrik</subfield><subfield code="d">1908-1990</subfield><subfield code="0">(IDREF)02967543X</subfield></datafield><datafield ind1="1" ind2=" " tag="700"><subfield code="a">Boer, Willem &lt;&lt;den&gt;&gt;</subfield><subfield code="d">1914-1993</subfield><subfield code="0">(DE-588)108567109</subfield><subfield code="6">880-04</subfield></datafield><datafield ind1="1" ind2=" " tag="880"><subfield code="6">700-04</subfield><subfield code="a">Boer, Willem den</subfield><subfield code="d">1914-1993</subfield><subfield code="0">(IDREF)060323876</subfield></datafield><datafield ind1="4" ind2=" " tag="856"><subfield code="3">Inhaltsverzeichnis</subfield><subfield code="u">http://www.ub.unibas.ch/tox/IDSLUZ/000664221/PDF</subfield><subfield code="q">pdf</subfield></datafield><datafield ind1=" " ind2=" " tag="900"><subfield code="a">IDSZRMedeaZBZ</subfield><subfield code="b">IDSZRSWK</subfield></datafield><datafield ind1=" " ind2=" " tag="900"><subfield code="a">IDSZ2zbzmon201303rp</subfield><subfield code="c">IDSZ2baeh</subfield></datafield><datafield ind1=" " ind2=" " tag="900"><subfield code="f">IDSU2medea</subfield></datafield><datafield ind1=" " ind2=" " tag="949"><subfield code="a">http://www.ub.unibas.ch/tox/IDSLUZ/000664221/PDF</subfield></datafield></record>
</metadata></record>