<record><header><identifier>oai:alma.41SLSP_UGE:991000106459705502</identifier><datestamp>2023-04-11T00:13:31Z</datestamp><setSpec>uge_bcen_RapidILL_BOOK</setSpec><setSpec>uge_aaca_RapidILL_BOOK</setSpec><setSpec>uge_abels_RapidILL_BOOK</setSpec><setSpec>uge_dbu_RapidILL_BOOK</setSpec><setSpec>uge_cmu_RapidILL_BOOK</setSpec><setSpec>uge_mail_RapidILL_BOOK</setSpec><setSpec>uge_abbat_RapidILL_BOOK</setSpec><setSpec>UNIGE_ALL</setSpec><setSpec>uge_acar_RapidILL_BOOK</setSpec><setSpec>uge_aobs_RapidILL_BOOK</setSpec></header><metadata>
<record xmlns="http://www.loc.gov/MARC21/slim" xmlns:xsi="http://www.w3.org/2001/XMLSchema-instance" xsi:schemaLocation="http://www.loc.gov/MARC21/slim http://www.loc.gov/standards/marcxml/schema/MARC21slim.xsd"><leader>01743nam a2200433 c 4500</leader><controlfield tag="001">991000106459705502</controlfield><controlfield tag="005">20230410183038.0</controlfield><controlfield tag="008">160926s2016    sp ||||| |||| 00| ||spa d</controlfield><datafield ind1=" " ind2=" " tag="020"><subfield code="a">8422018829</subfield></datafield><datafield ind1=" " ind2=" " tag="020"><subfield code="a">9788422018827</subfield></datafield><datafield ind1="7" ind2=" " tag="024"><subfield code="a">http://catalogue.bnf.fr/ark:/12148/cb450675939</subfield><subfield code="2">uri</subfield></datafield><datafield ind1=" " ind2=" " tag="035"><subfield code="a">(swissbib)123250005-41slsp_network</subfield></datafield><datafield ind1=" " ind2=" " tag="035"><subfield code="a">123250005</subfield><subfield code="9">ExL</subfield></datafield><datafield ind1=" " ind2=" " tag="035"><subfield code="a">(RERO)R008515536-41slsp</subfield></datafield><datafield ind1=" " ind2=" " tag="035"><subfield code="a">(EXLNZ-41SLSP_NETWORK)991050216419705501</subfield></datafield><datafield ind1=" " ind2=" " tag="040"><subfield code="a">PL#</subfield><subfield code="b">spa</subfield><subfield code="d">CH-ZuSLS</subfield></datafield><datafield ind1=" " ind2="4" tag="050"><subfield code="a">Z</subfield></datafield><datafield ind1=" " ind2="7" tag="072"><subfield code="a">ht</subfield><subfield code="2">rero</subfield></datafield><datafield ind1="1" ind2=" " tag="100"><subfield code="a">Bujanda, Jésus Martinez de</subfield><subfield code="d">1935-....</subfield><subfield code="0">(IDREF)028280415</subfield><subfield code="4">cre</subfield></datafield><datafield ind1="1" ind2="0" tag="245"><subfield code="a">&lt;&lt;El&gt;&gt; índice de libros prohibidos y expurgados de la Inquisición Española (1551-1819)</subfield><subfield code="b">evolución y contenido</subfield><subfield code="c">por Jesús Martínez de Bujanda ; con la asistencia de Marcella Richter</subfield></datafield><datafield ind1=" " ind2="1" tag="264"><subfield code="a">Madrid</subfield><subfield code="b">Biblioteca de Autores Cristianos</subfield><subfield code="c">2016</subfield></datafield><datafield ind1=" " ind2=" " tag="300"><subfield code="a">xxxii, 1227 p.</subfield><subfield code="c">24 cm</subfield></datafield><datafield ind1=" " ind2=" " tag="336"><subfield code="b">txt</subfield><subfield code="2">rdacontent</subfield></datafield><datafield ind1=" " ind2=" " tag="337"><subfield code="b">n</subfield><subfield code="2">rdamedia</subfield></datafield><datafield ind1=" " ind2=" " tag="338"><subfield code="b">nc</subfield><subfield code="2">rdacarrier</subfield></datafield><datafield ind1="1" ind2=" " tag="490"><subfield code="a">BAC maior</subfield><subfield code="v">119</subfield></datafield><datafield ind1="1" ind2=" " tag="490"><subfield code="a">Índices de libros prohibidos</subfield><subfield code="v">12</subfield></datafield><datafield ind1=" " ind2=" " tag="504"><subfield code="a">Includes bibliographical references (p. [xxi]-xxx) and index</subfield></datafield><datafield ind1=" " ind2="0" tag="650"><subfield code="a">Expurgated books</subfield><subfield code="z">Spain</subfield><subfield code="v">Bibliography</subfield><subfield code="v">Catalogs</subfield></datafield><datafield ind1=" " ind2="0" tag="650"><subfield code="a">Inquisition</subfield><subfield code="z">Spain</subfield></datafield><datafield ind1=" " ind2="0" tag="650"><subfield code="a">Prohibited books</subfield><subfield code="z">Spain</subfield><subfield code="v">Bibliography</subfield><subfield code="v">Catalogs</subfield></datafield><datafield ind1=" " ind2="7" tag="650"><subfield code="a">Inquisition</subfield><subfield code="0">(IDREF)027325288</subfield><subfield code="2">idref</subfield></datafield><datafield ind1=" " ind2="7" tag="650"><subfield code="a">Livres prohibés</subfield><subfield code="0">(IDREF)027237176</subfield><subfield code="2">idref</subfield></datafield><datafield ind1=" " ind2="7" tag="650"><subfield code="a">1551-1819</subfield><subfield code="2">rero</subfield></datafield><datafield ind1=" " ind2="7" tag="651"><subfield code="a">Espagne</subfield><subfield code="0">(IDREF)027224406</subfield><subfield code="2">idref</subfield></datafield><datafield ind1=" " ind2="7" tag="655"><subfield code="a">Catalogues</subfield><subfield code="0">(IDREF)027793222</subfield><subfield code="2">idref</subfield></datafield><datafield ind1=" " ind2="0" tag="830"><subfield code="a">Biblioteca de Autores Cristianos</subfield><subfield code="p">Maior</subfield><subfield code="v">119</subfield><subfield code="w">(RERO)0632906-41slsp</subfield></datafield><datafield ind1=" " ind2="0" tag="830"><subfield code="a">Index des livres interdits</subfield><subfield code="v">12</subfield><subfield code="w">(RERO)0680299-41slsp</subfield></datafield><datafield ind1=" " ind2=" " tag="900"><subfield code="a">REROnoselfmerge</subfield></datafield><datafield ind1=" " ind2=" " tag="910"><subfield code="a">OCoLC</subfield><subfield code="b">20160926</subfield><subfield code="c">Droits réservés</subfield></datafield><datafield ind1=" " ind2=" " tag="993"><subfield code="a">BFLA 275597</subfield><subfield code="x">ge/ules/a/16/251-12</subfield><subfield code="9">LOCAL</subfield></datafield></record>
</metadata></record>