<record><header><identifier>oai:alma.41SLSP_UGE:991000105939705502</identifier><datestamp>2024-03-15T01:26:11Z</datestamp><setSpec>uge_bcen_RapidILL_BOOK</setSpec><setSpec>uge_aaca_RapidILL_BOOK</setSpec><setSpec>uge_abels_RapidILL_BOOK</setSpec><setSpec>uge_dbu_RapidILL_BOOK</setSpec><setSpec>uge_cmu_RapidILL_BOOK</setSpec><setSpec>uge_mail_RapidILL_BOOK</setSpec><setSpec>uge_abbat_RapidILL_BOOK</setSpec><setSpec>UNIGE_ALL</setSpec><setSpec>uge_aobs_RapidILL_BOOK</setSpec><setSpec>uge_acar_RapidILL_BOOK</setSpec></header><metadata>
<record xmlns="http://www.loc.gov/MARC21/slim" xmlns:xsi="http://www.w3.org/2001/XMLSchema-instance" xsi:schemaLocation="http://www.loc.gov/MARC21/slim http://www.loc.gov/standards/marcxml/schema/MARC21slim.xsd"><leader>01521nam a22002892c 4500</leader><controlfield tag="001">991000105939705502</controlfield><controlfield tag="005">20240314214556.0</controlfield><controlfield tag="008">180822s1704    fr ||||| |||| 00| ||fre d</controlfield><datafield ind1="7" ind2=" " tag="024"><subfield code="a">http://catalogue.bnf.fr/ark:/12148/cb30135341s</subfield><subfield code="2">uri</subfield></datafield><datafield ind1=" " ind2=" " tag="035"><subfield code="a">(swissbib)125020651-41slsp_network</subfield></datafield><datafield ind1=" " ind2=" " tag="035"><subfield code="a">125020651</subfield><subfield code="9">ExL</subfield></datafield><datafield ind1=" " ind2=" " tag="035"><subfield code="a">(RERO)R008831205-41slsp</subfield></datafield><datafield ind1=" " ind2=" " tag="035"><subfield code="a">(EXLNZ-41SLSP_NETWORK)991101492139705501</subfield></datafield><datafield ind1=" " ind2=" " tag="040"><subfield code="a">BDF</subfield><subfield code="b">fre</subfield><subfield code="e">ncafnor</subfield><subfield code="d">CH-ZuSLS</subfield></datafield><datafield ind1=" " ind2="7" tag="072"><subfield code="a">th</subfield><subfield code="2">rero</subfield></datafield><datafield ind1="1" ind2=" " tag="100"><subfield code="a">Bossuet, Jacques Bénigne</subfield><subfield code="d">1627-1704</subfield><subfield code="0">(IDREF)026741059</subfield><subfield code="4">cre</subfield></datafield><datafield ind1="1" ind2="0" tag="245"><subfield code="a">Explication de la prophétie d'Isaïe, sur l'enfantement de la sainte Vierge ... et du pseaume XXI sur la passion et le délaissement de Nostre Seigneur</subfield><subfield code="c">par messire Jacques-Bénigne Bossuet......</subfield></datafield><datafield ind1=" " ind2="1" tag="264"><subfield code="a">A Paris</subfield><subfield code="b">chez Anisson, directeur de l'Imprimerie royale, ruë de la Harpe</subfield><subfield code="c">1704</subfield></datafield><datafield ind1=" " ind2=" " tag="300"><subfield code="a">[6], 191 p.</subfield><subfield code="c">in-12 (16 cm)</subfield></datafield><datafield ind1=" " ind2=" " tag="336"><subfield code="b">txt</subfield><subfield code="2">rdacontent</subfield></datafield><datafield ind1=" " ind2=" " tag="337"><subfield code="b">n</subfield><subfield code="2">rdamedia</subfield></datafield><datafield ind1=" " ind2=" " tag="338"><subfield code="b">nc</subfield><subfield code="2">rdacarrier</subfield></datafield><datafield ind1=" " ind2=" " tag="500"><subfield code="a">Privilège du 26 février 1701 octroyé à Bossuet. Achevé d'imprimer le 15 mars 1704</subfield></datafield><datafield ind1="1" ind2=" " tag="700"><subfield code="a">Anisson, Jean</subfield><subfield code="d">1642?-1721</subfield><subfield code="0">(IDREF)033209766</subfield><subfield code="4">prt</subfield></datafield><datafield ind1=" " ind2=" " tag="751"><subfield code="a">Paris (France)</subfield><subfield code="4">pup</subfield><subfield code="0">(IDREF)027244520</subfield></datafield><datafield ind1="4" ind2="1" tag="856"><subfield code="u">http://www.mdz-nbn-resolving.de/urn/resolver.pl?urn=urn:nbn:de:bvb:12-bsb10410085-2</subfield><subfield code="z">kostenfrei</subfield><subfield code="3">Volltext // 2010 digitalisiert von: Bayerische Staatsbibliothek, München. Exemplar der Bayerischen Staatsbibliothek mit der Signatur: Exeg. 124 p</subfield></datafield><datafield ind1=" " ind2=" " tag="900"><subfield code="a">REROswissbibnomerge</subfield></datafield><datafield ind1=" " ind2=" " tag="910"><subfield code="a">OCoLC</subfield><subfield code="b">20180822</subfield><subfield code="c">Réutilisation sous conditions: Licence ODC-BY</subfield></datafield><datafield ind1=" " ind2=" " tag="993"><subfield code="a">MHR LML 16</subfield><subfield code="x">ge/mhr-/7955</subfield><subfield code="9">LOCAL</subfield></datafield></record>
</metadata></record>