<record><header><identifier>oai:alma.41SLSP_UGE:991000106569705502</identifier><datestamp>2023-06-28T00:12:36Z</datestamp><setSpec>uge_bcen_RapidILL_BOOK</setSpec><setSpec>uge_aaca_RapidILL_BOOK</setSpec><setSpec>uge_abels_RapidILL_BOOK</setSpec><setSpec>uge_dbu_RapidILL_BOOK</setSpec><setSpec>uge_cmu_RapidILL_BOOK</setSpec><setSpec>uge_mail_RapidILL_BOOK</setSpec><setSpec>uge_abbat_RapidILL_BOOK</setSpec><setSpec>UNIGE_ALL</setSpec><setSpec>uge_aobs_RapidILL_BOOK</setSpec><setSpec>uge_acar_RapidILL_BOOK</setSpec></header><metadata>
<record xmlns="http://www.loc.gov/MARC21/slim" xmlns:xsi="http://www.w3.org/2001/XMLSchema-instance" xsi:schemaLocation="http://www.loc.gov/MARC21/slim http://www.loc.gov/standards/marcxml/schema/MARC21slim.xsd"><leader>02504nam a2200529uc 4500</leader><controlfield tag="001">991000106569705502</controlfield><controlfield tag="005">20230116181643.0</controlfield><controlfield tag="008">201011t19931993fr            10| | fre d</controlfield><datafield ind1=" " ind2=" " tag="020"><subfield code="a">2870274882</subfield></datafield><datafield ind1="7" ind2=" " tag="024"><subfield code="a">http://catalogue.bnf.fr/ark:/12148/cb35609729x</subfield><subfield code="2">uri</subfield></datafield><datafield ind1=" " ind2=" " tag="035"><subfield code="a">(swissbib)222753064-41slsp_network</subfield></datafield><datafield ind1=" " ind2=" " tag="035"><subfield code="a">222753064</subfield><subfield code="9">ExL</subfield></datafield><datafield ind1=" " ind2=" " tag="035"><subfield code="a">(IDSBB)001003338DSV01</subfield></datafield><datafield ind1=" " ind2=" " tag="035"><subfield code="a">(RERO)1778271-41slsp</subfield></datafield><datafield ind1=" " ind2=" " tag="035"><subfield code="a">(EXLNZ-41SLSP_NETWORK)991013554829705501</subfield></datafield><datafield ind1=" " ind2=" " tag="040"><subfield code="a">SzZuIDS BS/BE A100</subfield><subfield code="b">ger</subfield><subfield code="e">kids</subfield><subfield code="d">CH-ZuSLS</subfield></datafield><datafield ind1=" " ind2="7" tag="072"><subfield code="a">po</subfield><subfield code="2">SzZuIDS BS/BE</subfield></datafield><datafield ind1=" " ind2="7" tag="072"><subfield code="a">sp</subfield><subfield code="2">rero</subfield></datafield><datafield ind1=" " ind2="7" tag="072"><subfield code="a">ht</subfield><subfield code="2">rero</subfield></datafield><datafield ind1="1" ind2="4" tag="082"><subfield code="a">320</subfield><subfield code="2">15</subfield></datafield><datafield ind1=" " ind2=" " tag="084"><subfield code="a">MG 34341</subfield><subfield code="2">rvk</subfield></datafield><datafield ind1=" " ind2=" " tag="084"><subfield code="a">MK 5000</subfield><subfield code="2">rvk</subfield></datafield><datafield ind1="0" ind2="0" tag="245"><subfield code="a">&lt;&lt;Le&gt;&gt; MRP et la construction européenne</subfield><subfield code="b">actes du colloque organisé les 18 et 19 janvier 1990 au Sénat, par le Centre d'Histoire de l'Europe du Vingtième Siècle et l'Amicale du MRP</subfield><subfield code="c">sous la direction de Serge Berstein, Jean-Marie Mayeur et Pierre Milza ; conclusions de René Rémond</subfield></datafield><datafield ind1=" " ind2="1" tag="264"><subfield code="a">Bruxelles</subfield><subfield code="b">Editions Complexe</subfield><subfield code="c">[1993]</subfield></datafield><datafield ind1=" " ind2="4" tag="264"><subfield code="c">© 1993</subfield></datafield><datafield ind1=" " ind2=" " tag="300"><subfield code="a">365 S.</subfield><subfield code="c">22 cm</subfield></datafield><datafield ind1=" " ind2=" " tag="336"><subfield code="b">txt</subfield><subfield code="2">rdacontent</subfield></datafield><datafield ind1=" " ind2=" " tag="337"><subfield code="b">n</subfield><subfield code="2">rdamedia</subfield></datafield><datafield ind1=" " ind2=" " tag="338"><subfield code="b">nc</subfield><subfield code="2">rdacarrier</subfield></datafield><datafield ind1="1" ind2=" " tag="490"><subfield code="a">Questions au XXe siècle</subfield><subfield code="v">57</subfield></datafield><datafield ind1="2" ind2="7" tag="610"><subfield code="a">Mouvement républicain populaire</subfield><subfield code="g">France</subfield><subfield code="g">1944-1967</subfield><subfield code="0">(IDREF)027358445</subfield><subfield code="2">idref</subfield></datafield><datafield ind1=" " ind2="7" tag="650"><subfield code="a">Europäische Integration</subfield><subfield code="x">Christdemokraten</subfield><subfield code="z">Frankreich</subfield><subfield code="y">Geschichte 1945-2000</subfield><subfield code="v">Kongressbericht</subfield><subfield code="2">idsbb</subfield></datafield><datafield ind1=" " ind2="7" tag="650"><subfield code="a">Christdemokraten</subfield><subfield code="x">Europäische Integration</subfield><subfield code="z">Frankreich</subfield><subfield code="y">Geschichte 1945-2000</subfield><subfield code="v">Kongressbericht</subfield><subfield code="2">idsbb</subfield></datafield><datafield ind1=" " ind2="7" tag="651"><subfield code="a">Europe</subfield><subfield code="x">Unité</subfield><subfield code="0">(IDREF)027495892</subfield><subfield code="2">idref</subfield></datafield><datafield ind1=" " ind2="7" tag="655"><subfield code="a">Konferenzschrift</subfield><subfield code="z">Paris</subfield><subfield code="y">1990</subfield><subfield code="2">gnd-content</subfield></datafield><datafield ind1=" " ind2="7" tag="655"><subfield code="a">Actes de congrès</subfield><subfield code="0">(IDREF)02886431X</subfield><subfield code="2">idref</subfield></datafield><datafield ind1="1" ind2=" " tag="700"><subfield code="a">Mayeur, Jean-Marie</subfield></datafield><datafield ind1="1" ind2=" " tag="700"><subfield code="a">Milza, Pierre</subfield><subfield code="d">1932-2018</subfield><subfield code="0">(DE-588)170956083</subfield></datafield><datafield ind1="1" ind2=" " tag="700"><subfield code="a">Rémond, René</subfield></datafield><datafield ind1="1" ind2=" " tag="700"><subfield code="a">Berstein, Serge</subfield><subfield code="d">1934-</subfield><subfield code="0">(DE-588)121382427</subfield><subfield code="6">880-05</subfield></datafield><datafield ind1="1" ind2=" " tag="880"><subfield code="6">700-05</subfield><subfield code="a">Berstein, Serge</subfield><subfield code="c">historien</subfield><subfield code="d">1934-....</subfield><subfield code="0">(IDREF)026723522</subfield></datafield><datafield ind1="2" ind2=" " tag="710"><subfield code="a">Fondation nationale des sciences politiques (France)</subfield><subfield code="b">Centre d'histoire de l'Europe du vingtième siècle</subfield><subfield code="b">Colloque</subfield><subfield code="d">1990</subfield><subfield code="c">Paris</subfield><subfield code="0">(RERO)A012469359</subfield></datafield><datafield ind1="2" ind2=" " tag="710"><subfield code="a">Mouvement républicain populaire (France)</subfield><subfield code="b">Amicale</subfield><subfield code="b">Colloque</subfield><subfield code="d">1990</subfield><subfield code="c">Paris</subfield><subfield code="0">(RERO)A012469360</subfield></datafield><datafield ind1="2" ind2=" " tag="710"><subfield code="a">Centre d'histoire de l'Europe du vingtième siècle</subfield><subfield code="0">(DE-588)3007631-6</subfield></datafield><datafield ind1="2" ind2=" " tag="710"><subfield code="a">Amicale du MRP</subfield><subfield code="0">(DE-588)1086648161</subfield></datafield><datafield ind1=" " ind2=" " tag="830"><subfield code="a">Questions au XXe siècle</subfield><subfield code="v">57</subfield><subfield code="w">(IDSBB)000389926DSV01</subfield></datafield><datafield ind1=" " ind2=" " tag="830"><subfield code="a">Questions au XXe siècle</subfield><subfield code="v">57</subfield><subfield code="w">(RERO)0938021-41slsp</subfield></datafield><datafield ind1=" " ind2=" " tag="900"><subfield code="a">REROnoselfmerge</subfield></datafield><datafield ind1=" " ind2=" " tag="961"><subfield code="2">gsi</subfield><subfield code="a">329.11</subfield><subfield code="9">LOCAL</subfield></datafield></record>
</metadata></record>