<record><header><identifier>oai:alma.41SLSP_UGE:991000106879705502</identifier><datestamp>2023-04-12T00:12:10Z</datestamp><setSpec>uge_bcen_RapidILL_BOOK</setSpec><setSpec>uge_aaca_RapidILL_BOOK</setSpec><setSpec>uge_abels_RapidILL_BOOK</setSpec><setSpec>uge_dbu_RapidILL_BOOK</setSpec><setSpec>uge_cmu_RapidILL_BOOK</setSpec><setSpec>uge_mail_RapidILL_BOOK</setSpec><setSpec>uge_abbat_RapidILL_BOOK</setSpec><setSpec>UNIGE_ALL</setSpec><setSpec>uge_acar_RapidILL_BOOK</setSpec><setSpec>uge_aobs_RapidILL_BOOK</setSpec></header><metadata>
<record xmlns="http://www.loc.gov/MARC21/slim" xmlns:xsi="http://www.w3.org/2001/XMLSchema-instance" xsi:schemaLocation="http://www.loc.gov/MARC21/slim http://www.loc.gov/standards/marcxml/schema/MARC21slim.xsd"><leader>02481nam a2200649 c 4500</leader><controlfield tag="001">991000106879705502</controlfield><controlfield tag="005">20230411212258.0</controlfield><controlfield tag="008">201011s2019    xxk      b||| 001 0 eng| </controlfield><datafield ind1=" " ind2=" " tag="010"><subfield code="a">2019002821</subfield></datafield><datafield ind1=" " ind2=" " tag="015"><subfield code="a">GBB9A1047</subfield><subfield code="2">bnb</subfield></datafield><datafield ind1="7" ind2=" " tag="016"><subfield code="a">019427505</subfield><subfield code="2">Uk</subfield></datafield><datafield ind1=" " ind2=" " tag="020"><subfield code="a">1350063975</subfield><subfield code="q">Broschur</subfield></datafield><datafield ind1=" " ind2=" " tag="020"><subfield code="a">1350063967</subfield><subfield code="q">Festeinband</subfield></datafield><datafield ind1=" " ind2=" " tag="020"><subfield code="a">9781350063976</subfield><subfield code="q">Broschur</subfield></datafield><datafield ind1=" " ind2=" " tag="020"><subfield code="a">9781350063969</subfield><subfield code="q">Festeinband</subfield></datafield><datafield ind1=" " ind2=" " tag="035"><subfield code="a">(swissbib)226967018-41slsp_network</subfield></datafield><datafield ind1=" " ind2=" " tag="035"><subfield code="a">226967018</subfield><subfield code="9">ExL</subfield></datafield><datafield ind1=" " ind2=" " tag="035"><subfield code="a">(IDSBB)007119035DSV01</subfield></datafield><datafield ind1=" " ind2=" " tag="035"><subfield code="a">(RERO)R008949729-41slsp</subfield></datafield><datafield ind1=" " ind2=" " tag="035"><subfield code="a">(OCoLC)1103581271</subfield></datafield><datafield ind1=" " ind2=" " tag="035"><subfield code="a">(EXLNZ-41SLSP_NETWORK)991055766569705501</subfield></datafield><datafield ind1=" " ind2=" " tag="040"><subfield code="a">DLC</subfield><subfield code="b">ger</subfield><subfield code="e">rda</subfield><subfield code="d">CH-ZuSLS</subfield></datafield><datafield ind1=" " ind2=" " tag="042"><subfield code="a">pcc</subfield></datafield><datafield ind1=" " ind2=" " tag="043"><subfield code="a">n-us---</subfield></datafield><datafield ind1="0" ind2="0" tag="050"><subfield code="a">BL2525</subfield><subfield code="b">.R325 2019</subfield></datafield><datafield ind1=" " ind2="7" tag="072"><subfield code="a">th</subfield><subfield code="2">rero</subfield></datafield><datafield ind1="0" ind2="0" tag="082"><subfield code="a">200.89/00973</subfield><subfield code="2">23</subfield></datafield><datafield ind1="1" ind2="4" tag="082"><subfield code="a">290</subfield><subfield code="2">15</subfield></datafield><datafield ind1=" " ind2=" " tag="084"><subfield code="a">LB 46610</subfield><subfield code="2">rvk</subfield></datafield><datafield ind1="0" ind2="0" tag="245"><subfield code="a">Race and new religious movements in the USA</subfield><subfield code="b">a documentary reader</subfield><subfield code="c">edited by Emily Suzanne Clark and Brad Stoddard</subfield></datafield><datafield ind1=" " ind2=" " tag="250"><subfield code="a">1 [edition].</subfield></datafield><datafield ind1=" " ind2="1" tag="264"><subfield code="a">London</subfield><subfield code="b">Bloomsbury Academic, Bloomsbury Publishing Plc</subfield><subfield code="c">2019</subfield><subfield code="a">New York</subfield></datafield><datafield ind1=" " ind2=" " tag="300"><subfield code="a">xii, 187 Seiten</subfield><subfield code="c">25 cm</subfield></datafield><datafield ind1=" " ind2=" " tag="336"><subfield code="b">txt</subfield><subfield code="2">rdacontent</subfield></datafield><datafield ind1=" " ind2=" " tag="337"><subfield code="b">n</subfield><subfield code="2">rdamedia</subfield></datafield><datafield ind1=" " ind2=" " tag="338"><subfield code="b">nc</subfield><subfield code="2">rdacarrier</subfield></datafield><datafield ind1=" " ind2=" " tag="504"><subfield code="a">Includes bibliographical references and index</subfield></datafield><datafield ind1="0" ind2=" " tag="505"><subfield code="a">Conjure -- The Church of Jesus Christ of Latter-Day Saints -- Spiritualism -- Ghost Dance Movement -- Ku Klux Klan -- Theosophy -- Native American Church -- Commandment Keepers -- Moorish Science Temple -- International Peace Mission Movement -- Nation of Islam -- Peoples Temple -- Aryan Nations -- The Nation of Yahweh -- Odinism</subfield></datafield><datafield ind1=" " ind2="7" tag="648"><subfield code="a">Geschichte 1750-2019</subfield><subfield code="2">gnd</subfield></datafield><datafield ind1=" " ind2="0" tag="650"><subfield code="a">Race</subfield></datafield><datafield ind1=" " ind2="7" tag="650"><subfield code="a">Cults</subfield><subfield code="2">fast</subfield></datafield><datafield ind1=" " ind2="7" tag="650"><subfield code="a">Race</subfield><subfield code="2">fast</subfield></datafield><datafield ind1=" " ind2="7" tag="650"><subfield code="a">Race</subfield><subfield code="x">Religious aspects</subfield><subfield code="2">fast</subfield></datafield><datafield ind1=" " ind2="7" tag="650"><subfield code="a">Religiöse Bewegung</subfield><subfield code="0">(DE-588)4177706-2</subfield><subfield code="2">gnd</subfield></datafield><datafield ind1=" " ind2="7" tag="650"><subfield code="a">Rasse</subfield><subfield code="0">(DE-588)4048440-3</subfield><subfield code="2">gnd</subfield></datafield><datafield ind1=" " ind2="7" tag="650"><subfield code="a">Ethnische Gruppe</subfield><subfield code="0">(DE-588)4153095-0</subfield><subfield code="2">gnd</subfield></datafield><datafield ind1=" " ind2="7" tag="650"><subfield code="a">Religion</subfield><subfield code="2">fast</subfield></datafield><datafield ind1=" " ind2="0" tag="650"><subfield code="a">Cults</subfield><subfield code="z">United States</subfield></datafield><datafield ind1=" " ind2="0" tag="650"><subfield code="a">Race</subfield><subfield code="x">Religious aspects</subfield></datafield><datafield ind1=" " ind2="0" tag="650"><subfield code="a">Race</subfield><subfield code="z">United States</subfield></datafield><datafield ind1=" " ind2="7" tag="651"><subfield code="a">USA</subfield><subfield code="0">(DE-588)4078704-7</subfield><subfield code="2">gnd</subfield></datafield><datafield ind1=" " ind2="7" tag="651"><subfield code="a">United States</subfield><subfield code="2">fast</subfield></datafield><datafield ind1=" " ind2="0" tag="651"><subfield code="a">United States</subfield><subfield code="x">Religion</subfield></datafield><datafield ind1=" " ind2="7" tag="655"><subfield code="a">Quelle</subfield><subfield code="2">gnd-content</subfield></datafield><datafield ind1="1" ind2=" " tag="700"><subfield code="a">Clark, Emily Suzanne</subfield><subfield code="d">1984-</subfield><subfield code="0">(DE-588)1132270383</subfield><subfield code="4">aut</subfield></datafield><datafield ind1="4" ind2=" " tag="856"><subfield code="3">Inhaltsverzeichnis</subfield><subfield code="u">http://www.ub.unibas.ch/tox/IDSBB/007119035/PDF</subfield><subfield code="q">pdf</subfield></datafield><datafield ind1=" " ind2=" " tag="900"><subfield code="a">Stoppsignal FRED</subfield></datafield><datafield ind1=" " ind2=" " tag="949"><subfield code="a">http://www.ub.unibas.ch/tox/IDSBB/007119035/PDF</subfield></datafield></record>
</metadata></record>