<record><header><identifier>oai:alma.41SLSP_UGE:991000106359705502</identifier><datestamp>2023-04-09T00:21:06Z</datestamp><setSpec>uge_bcen_RapidILL_BOOK</setSpec><setSpec>uge_aaca_RapidILL_BOOK</setSpec><setSpec>uge_abels_RapidILL_BOOK</setSpec><setSpec>uge_dbu_RapidILL_BOOK</setSpec><setSpec>uge_cmu_RapidILL_BOOK</setSpec><setSpec>uge_mail_RapidILL_BOOK</setSpec><setSpec>uge_abbat_RapidILL_BOOK</setSpec><setSpec>UNIGE_ALL</setSpec><setSpec>uge_acar_RapidILL_BOOK</setSpec><setSpec>uge_aobs_RapidILL_BOOK</setSpec></header><metadata>
<record xmlns="http://www.loc.gov/MARC21/slim" xmlns:xsi="http://www.w3.org/2001/XMLSchema-instance" xsi:schemaLocation="http://www.loc.gov/MARC21/slim http://www.loc.gov/standards/marcxml/schema/MARC21slim.xsd"><leader>01720nam a2200457 c 4500</leader><controlfield tag="001">991000106359705502</controlfield><controlfield tag="005">20230408194220.0</controlfield><controlfield tag="008">131206s1992    xxu||||| |||| 00| ||eng d</controlfield><datafield ind1=" " ind2=" " tag="020"><subfield code="a">0849367379</subfield></datafield><datafield ind1=" " ind2=" " tag="035"><subfield code="a">(swissbib)118666142-41slsp_network</subfield></datafield><datafield ind1=" " ind2=" " tag="035"><subfield code="a">118666142</subfield><subfield code="9">ExL</subfield></datafield><datafield ind1=" " ind2=" " tag="035"><subfield code="a">(RERO)R007563902-41slsp</subfield></datafield><datafield ind1=" " ind2=" " tag="035"><subfield code="a">(EXLNZ-41SLSP_NETWORK)991035260489705501</subfield></datafield><datafield ind1=" " ind2=" " tag="040"><subfield code="a">DLC</subfield><subfield code="d">CH-ZuSLS</subfield></datafield><datafield ind1=" " ind2="0" tag="050"><subfield code="a">RA1224.2</subfield><subfield code="b">.S35 1992</subfield></datafield><datafield ind1=" " ind2="7" tag="072"><subfield code="a">me</subfield><subfield code="2">rero</subfield></datafield><datafield ind1=" " ind2="7" tag="072"><subfield code="a">ch</subfield><subfield code="2">rero</subfield></datafield><datafield ind1="1" ind2=" " tag="100"><subfield code="a">Scialli, Anthony R.</subfield><subfield code="d">1952-</subfield><subfield code="0">(IDREF)113670192</subfield><subfield code="4">cre</subfield></datafield><datafield ind1="1" ind2="0" tag="245"><subfield code="a">&lt;&lt;A&gt;&gt; clinical guide to reproductive and developmental toxicology</subfield><subfield code="c">Anthony R. Scialli</subfield></datafield><datafield ind1=" " ind2="1" tag="264"><subfield code="a">Boca Raton, Fla.</subfield><subfield code="b">CRC Press</subfield><subfield code="c">1992</subfield></datafield><datafield ind1=" " ind2=" " tag="300"><subfield code="a">284 p.</subfield><subfield code="b">ill.</subfield><subfield code="c">26 cm</subfield></datafield><datafield ind1=" " ind2=" " tag="336"><subfield code="b">txt</subfield><subfield code="2">rdacontent</subfield></datafield><datafield ind1=" " ind2=" " tag="337"><subfield code="b">n</subfield><subfield code="2">rdamedia</subfield></datafield><datafield ind1=" " ind2=" " tag="338"><subfield code="b">nc</subfield><subfield code="2">rdacarrier</subfield></datafield><datafield ind1=" " ind2=" " tag="504"><subfield code="a">Includes bibliographical references and index.</subfield></datafield><datafield ind1=" " ind2="0" tag="650"><subfield code="a">Developmental toxicology</subfield></datafield><datafield ind1=" " ind2="0" tag="650"><subfield code="a">Reproductive toxicology</subfield></datafield><datafield ind1=" " ind2="2" tag="650"><subfield code="a">Abnormalities, Drug-Induced</subfield></datafield><datafield ind1=" " ind2="2" tag="650"><subfield code="a">Fetal Development</subfield><subfield code="x">drug effects</subfield></datafield><datafield ind1=" " ind2="2" tag="650"><subfield code="a">Mutagenicity Tests</subfield></datafield><datafield ind1=" " ind2="2" tag="650"><subfield code="a">Reproduction</subfield><subfield code="x">drug effects</subfield></datafield><datafield ind1=" " ind2="2" tag="650"><subfield code="a">Teratogens</subfield><subfield code="x">toxicity</subfield></datafield><datafield ind1=" " ind2="7" tag="650"><subfield code="a">Toxicologie du développement</subfield><subfield code="0">(IDREF)056583478</subfield><subfield code="2">idref</subfield></datafield><datafield ind1=" " ind2="7" tag="650"><subfield code="a">Toxicologie de la reproduction</subfield><subfield code="0">(IDREF)056600070</subfield><subfield code="2">idref</subfield></datafield><datafield ind1=" " ind2="7" tag="650"><subfield code="a">Tératogènes</subfield><subfield code="0">(IDREF)028177371</subfield><subfield code="2">idref</subfield></datafield><datafield ind1=" " ind2="7" tag="650"><subfield code="a">Biologie du développement</subfield><subfield code="0">(IDREF)027576132</subfield><subfield code="2">idref</subfield></datafield><datafield ind1=" " ind2="7" tag="650"><subfield code="a">Effets secondaires</subfield><subfield code="0">(IDREF)027791254</subfield><subfield code="2">idref</subfield></datafield><datafield ind1=" " ind2="7" tag="650"><subfield code="a">Médicaments</subfield><subfield code="0">(IDREF)027239144</subfield><subfield code="2">idref</subfield></datafield><datafield ind1=" " ind2="7" tag="655"><subfield code="a">Guides pratiques</subfield><subfield code="0">(IDREF)027790045</subfield><subfield code="2">idref</subfield></datafield><datafield ind1="4" ind2="2" tag="856"><subfield code="u">http://www.loc.gov/catdir/enhancements/fy0744/92106402-d.html</subfield><subfield code="z">Description de l'éd.</subfield></datafield><datafield ind1=" " ind2=" " tag="900"><subfield code="a">REROnoselfmerge</subfield></datafield><datafield ind1=" " ind2=" " tag="910"><subfield code="a">LOC</subfield><subfield code="b">20131206</subfield><subfield code="c">Droits réservés</subfield></datafield></record>
</metadata></record>