<record><header><identifier>oai:alma.41SLSP_UGE:991000057639705502</identifier><datestamp>2023-03-01T01:10:30Z</datestamp><setSpec>uge_bcen_RapidILL_BOOK</setSpec><setSpec>uge_aaca_RapidILL_BOOK</setSpec><setSpec>uge_abels_RapidILL_BOOK</setSpec><setSpec>uge_dbu_RapidILL_BOOK</setSpec><setSpec>uge_cmu_RapidILL_BOOK</setSpec><setSpec>uge_mail_RapidILL_BOOK</setSpec><setSpec>UNIGE_ALL</setSpec><setSpec>uge_abbat_RapidILL_BOOK</setSpec><setSpec>uge_aobs_RapidILL_BOOK</setSpec><setSpec>uge_acar_RapidILL_BOOK</setSpec></header><metadata>
<record xmlns="http://www.loc.gov/MARC21/slim" xmlns:xsi="http://www.w3.org/2001/XMLSchema-instance" xsi:schemaLocation="http://www.loc.gov/MARC21/slim http://www.loc.gov/standards/marcxml/schema/MARC21slim.xsd"><leader>02251nam a2200481 c 4500</leader><controlfield tag="001">991000057639705502</controlfield><controlfield tag="005">20230221203214.0</controlfield><controlfield tag="008">201012s2008    fr ||||| |||| 00| ||fre d</controlfield><datafield ind1=" " ind2=" " tag="020"><subfield code="a">9782742779284</subfield></datafield><datafield ind1="7" ind2=" " tag="024"><subfield code="a">http://catalogue.bnf.fr/ark:/12148/cb41398781p</subfield><subfield code="2">uri</subfield></datafield><datafield ind1=" " ind2=" " tag="035"><subfield code="a">(swissbib)241889146-41slsp_network</subfield></datafield><datafield ind1=" " ind2=" " tag="035"><subfield code="a">241889146</subfield><subfield code="9">ExL</subfield></datafield><datafield ind1=" " ind2=" " tag="035"><subfield code="a">(RERO)R004980788-41slsp</subfield></datafield><datafield ind1=" " ind2=" " tag="035"><subfield code="a">(NEBIS)005697286EBI01</subfield></datafield><datafield ind1=" " ind2=" " tag="035"><subfield code="a">(EXLNZ-41SLSP_NETWORK)991006830199705501</subfield></datafield><datafield ind1=" " ind2=" " tag="040"><subfield code="a">RERO vsbcvs</subfield><subfield code="d">CH-ZuSLS</subfield></datafield><datafield ind1="1" ind2=" " tag="041"><subfield code="a">fre</subfield><subfield code="h">frm</subfield></datafield><datafield ind1=" " ind2="7" tag="072"><subfield code="a">am</subfield><subfield code="2">rero</subfield></datafield><datafield ind1=" " ind2="7" tag="072"><subfield code="a">hm</subfield><subfield code="2">rero</subfield></datafield><datafield ind1="0" ind2=" " tag="100"><subfield code="a">Chiquart</subfield><subfield code="0">(RERO)A003102997</subfield><subfield code="4">cre</subfield></datafield><datafield ind1="1" ind2="0" tag="245"><subfield code="a">Du fait de cuisine</subfield><subfield code="b">traité de gastronomie médiévale de Maître Chiquart</subfield><subfield code="c">Florence Bouas, Frédéric Vivas</subfield></datafield><datafield ind1=" " ind2="1" tag="264"><subfield code="a">Arles</subfield><subfield code="b">Actes Sud</subfield><subfield code="c">2008</subfield></datafield><datafield ind1=" " ind2=" " tag="300"><subfield code="a">194 p.</subfield><subfield code="b">ill.</subfield><subfield code="c">24 cm</subfield></datafield><datafield ind1=" " ind2=" " tag="336"><subfield code="b">txt</subfield><subfield code="2">rdacontent</subfield></datafield><datafield ind1=" " ind2=" " tag="337"><subfield code="b">n</subfield><subfield code="2">rdamedia</subfield></datafield><datafield ind1=" " ind2=" " tag="338"><subfield code="b">nc</subfield><subfield code="2">rdacarrier</subfield></datafield><datafield ind1=" " ind2=" " tag="500"><subfield code="a">Adaptation en français moderne du manuscrit médiéval &quot;Du fait de cuisine&quot;</subfield></datafield><datafield ind1="4" ind2=" " tag="510"><subfield code="a">Politis, 9 avril 2009,p.27 (Jean-Claude Renard) ; Nouvelliste, 2008,288,p.21 (Gilles Berreau) ; Alpe, 2009,45,p.91 (Dominique Vulliamy) ; L'Alpe, 2010,48,p.74-75 (Florence Bouas, Frédéric Vivas)</subfield></datafield><datafield ind1="8" ind2=" " tag="520"><subfield code="a">D'après le manuscrit de la Bibliothèque Supersaxo - Médiathèque-Valais Sion</subfield><subfield code="5">RERO/vsbcvs/04.09</subfield></datafield><datafield ind1=" " ind2="7" tag="650"><subfield code="a">livre de recettes</subfield><subfield code="0">(RERO)A010226834</subfield><subfield code="2">rerovoc</subfield></datafield><datafield ind1=" " ind2="7" tag="650"><subfield code="a">1417-1500</subfield><subfield code="2">rero</subfield></datafield><datafield ind1=" " ind2="7" tag="650"><subfield code="a">Cuisine</subfield><subfield code="0">(IDREF)027231313</subfield><subfield code="2">idref</subfield></datafield><datafield ind1=" " ind2="7" tag="650"><subfield code="a">CUISINE + ART CULINAIRE (ÉCONOMIE DOMESTIQUE)</subfield><subfield code="9">fre</subfield><subfield code="0">(ETHUDK)000032130</subfield><subfield code="2">ethudk</subfield></datafield><datafield ind1=" " ind2="7" tag="650"><subfield code="a">GASTRONOMIE + RESTAURATION GASTRONOMIQUE (INDUSTRIE DE LA RESTAURATION)</subfield><subfield code="9">fre</subfield><subfield code="0">(ETHUDK)000064533</subfield><subfield code="2">ethudk</subfield></datafield><datafield ind1=" " ind2="7" tag="650"><subfield code="a">HISTOIRE DE L'ALIMENTATION HUMAINE</subfield><subfield code="9">fre</subfield><subfield code="0">(ETHUDK)000048003</subfield><subfield code="2">ethudk</subfield></datafield><datafield ind1=" " ind2="7" tag="650"><subfield code="a">LIVRES DE CUISINE + RECETTES CULINAIRES (ÉCONOMIE DOMESTIQUE)</subfield><subfield code="9">fre</subfield><subfield code="0">(ETHUDK)000032131</subfield><subfield code="2">ethudk</subfield></datafield><datafield ind1=" " ind2="7" tag="650"><subfield code="a">MOYEN ÂGE (ÉPOQUES)</subfield><subfield code="9">fre</subfield><subfield code="0">(ETHUDK)000008939</subfield><subfield code="2">ethudk</subfield></datafield><datafield ind1=" " ind2="7" tag="650"><subfield code="a">SAVOIE (FRANCE)</subfield><subfield code="9">fre</subfield><subfield code="0">(ETHUDK)000003579</subfield><subfield code="2">ethudk</subfield></datafield><datafield ind1=" " ind2="7" tag="650"><subfield code="a">&quot;1400/&quot;</subfield><subfield code="2">ethudk</subfield></datafield><datafield ind1=" " ind2="7" tag="651"><subfield code="a">Savoie</subfield><subfield code="0">(IDREF)031152791</subfield><subfield code="2">idref</subfield></datafield><datafield ind1=" " ind2="7" tag="655"><subfield code="a">[document]</subfield><subfield code="2">rerovoc</subfield><subfield code="0">(RERO)A010182398</subfield></datafield><datafield ind1="1" ind2=" " tag="700"><subfield code="a">Bouas, Florence</subfield><subfield code="0">(IDREF)131300733</subfield></datafield><datafield ind1="1" ind2=" " tag="700"><subfield code="a">Vivas, Frédéric</subfield><subfield code="0">(IDREF)131300792</subfield></datafield><datafield ind1=" " ind2=" " tag="900"><subfield code="a">REROnoselfmerge</subfield></datafield></record>
</metadata></record>