<record><header><identifier>oai:alma.41SLSP_UGE:991000058289705502</identifier><datestamp>2023-07-20T00:15:43Z</datestamp><setSpec>UNIGE_ALL</setSpec></header><metadata>
<record xmlns="http://www.loc.gov/MARC21/slim" xmlns:xsi="http://www.w3.org/2001/XMLSchema-instance" xsi:schemaLocation="http://www.loc.gov/MARC21/slim http://www.loc.gov/standards/marcxml/schema/MARC21slim.xsd"><leader>01463njm a22003497c 4500</leader><controlfield tag="001">991000058289705502</controlfield><controlfield tag="005">20230718172118.0</controlfield><controlfield tag="007">sd b||||||||||</controlfield><controlfield tag="008">110122s1978    xx ||n |            eng d</controlfield><datafield ind1="0" ind2="2" tag="028"><subfield code="a">Blue note BST 84049</subfield></datafield><datafield ind1=" " ind2=" " tag="035"><subfield code="a">(swissbib)113560001-41slsp_network</subfield></datafield><datafield ind1=" " ind2=" " tag="035"><subfield code="a">113560001</subfield><subfield code="9">ExL</subfield></datafield><datafield ind1=" " ind2=" " tag="035"><subfield code="a">(RERO)R006021324-41slsp</subfield></datafield><datafield ind1=" " ind2=" " tag="035"><subfield code="a">(EXLNZ-41SLSP_NETWORK)991061478109705501</subfield></datafield><datafield ind1=" " ind2=" " tag="040"><subfield code="a">RERO geulmu</subfield><subfield code="d">CH-ZuSLS</subfield></datafield><datafield ind1=" " ind2="7" tag="072"><subfield code="a">mu</subfield><subfield code="2">rero</subfield></datafield><datafield ind1="1" ind2=" " tag="100"><subfield code="a">Blakey, Art</subfield><subfield code="d">1919-1990</subfield><subfield code="0">(IDREF)130152145</subfield><subfield code="4">cre</subfield></datafield><datafield ind1="1" ind2="0" tag="245"><subfield code="a">&lt;&lt;A&gt;&gt; night in Tunisia</subfield><subfield code="c">Art Blakey and the Jazz Messengers</subfield></datafield><datafield ind1=" " ind2="1" tag="264"><subfield code="a">[Lieu de publication non identifié]</subfield><subfield code="b">[éditeur non identifié]</subfield><subfield code="c">1978</subfield></datafield><datafield ind1=" " ind2=" " tag="300"><subfield code="a">1 disque sonore</subfield><subfield code="b">33 t, stéréo</subfield></datafield><datafield ind1=" " ind2=" " tag="336"><subfield code="b">prm</subfield><subfield code="2">rdacontent</subfield></datafield><datafield ind1=" " ind2=" " tag="337"><subfield code="b">s</subfield><subfield code="2">rdamedia</subfield></datafield><datafield ind1=" " ind2=" " tag="338"><subfield code="b">sd</subfield><subfield code="2">rdacarrier</subfield></datafield><datafield ind1=" " ind2=" " tag="500"><subfield code="a">Formation: trompette, saxophone ténor, piano, contrebasse, batterie</subfield></datafield><datafield ind1="0" ind2=" " tag="505"><subfield code="a">Morgan, Lee : [Kozo's waltz] ; Morgan, Lee : [Yama] ; Timmons, Bobby : [So tired] ; Gillespie, Dizzy : [Night in Tunisia] ; Shorter, Wayne : [Sincerely Diana]</subfield></datafield><datafield ind1="1" ind2=" " tag="700"><subfield code="a">Gardner, Barbara J.</subfield><subfield code="0">(RERO)A018764877</subfield></datafield><datafield ind1="1" ind2=" " tag="700"><subfield code="a">Merritt, Jymie</subfield><subfield code="d">1926-2020</subfield><subfield code="0">(IDREF)144216809</subfield></datafield><datafield ind1="1" ind2=" " tag="700"><subfield code="a">Morgan, Lee</subfield><subfield code="d">1938-1972</subfield><subfield code="0">(IDREF)080517242</subfield></datafield><datafield ind1="1" ind2=" " tag="700"><subfield code="a">Shorter, Wayne</subfield><subfield code="d">1933-2023</subfield><subfield code="0">(IDREF)080808883</subfield></datafield><datafield ind1="1" ind2=" " tag="700"><subfield code="a">Timmons, Bobby</subfield><subfield code="d">1935-1974</subfield><subfield code="0">(IDREF)156627094</subfield></datafield><datafield ind1="1" ind2=" " tag="700"><subfield code="a">Van Gelder, Rudy</subfield><subfield code="d">1924-2016</subfield><subfield code="0">(IDREF)261837362</subfield></datafield><datafield ind1="2" ind2=" " tag="710"><subfield code="a">Art Blakey and the Jazz messengers</subfield><subfield code="g">1947-1998</subfield><subfield code="0">(IDREF)086914006</subfield></datafield><datafield ind1=" " ind2=" " tag="900"><subfield code="a">REROnoselfmerge</subfield></datafield></record>
</metadata></record>