<record><header><identifier>oai:alma.41SLSP_UGE:991000057559705502</identifier><datestamp>2023-07-03T00:42:04Z</datestamp><setSpec>uge_bcen_RapidILL_BOOK</setSpec><setSpec>uge_aaca_RapidILL_BOOK</setSpec><setSpec>uge_abels_RapidILL_BOOK</setSpec><setSpec>uge_dbu_RapidILL_BOOK</setSpec><setSpec>uge_cmu_RapidILL_BOOK</setSpec><setSpec>uge_mail_RapidILL_BOOK</setSpec><setSpec>uge_abbat_RapidILL_BOOK</setSpec><setSpec>UNIGE_ALL</setSpec><setSpec>uge_aobs_RapidILL_BOOK</setSpec><setSpec>uge_acar_RapidILL_BOOK</setSpec></header><metadata>
<record xmlns="http://www.loc.gov/MARC21/slim" xmlns:xsi="http://www.w3.org/2001/XMLSchema-instance" xsi:schemaLocation="http://www.loc.gov/MARC21/slim http://www.loc.gov/standards/marcxml/schema/MARC21slim.xsd"><leader>06475nam a2201093 c 4500</leader><controlfield tag="001">991000057559705502</controlfield><controlfield tag="005">20230702082512.0</controlfield><controlfield tag="008">201011s2004    sz ||||| |||| 10| ||fre d</controlfield><datafield ind1=" " ind2=" " tag="020"><subfield code="a">9783034006859</subfield></datafield><datafield ind1=" " ind2=" " tag="020"><subfield code="a">3034006853</subfield></datafield><datafield ind1=" " ind2=" " tag="035"><subfield code="a">(swissbib)232088128-41slsp_network</subfield></datafield><datafield ind1=" " ind2=" " tag="035"><subfield code="a">232088128</subfield><subfield code="9">ExL</subfield></datafield><datafield ind1=" " ind2=" " tag="035"><subfield code="a">(RERO)R003652660-41slsp</subfield></datafield><datafield ind1=" " ind2=" " tag="035"><subfield code="a">(IDSSG)000458550HSB01</subfield></datafield><datafield ind1=" " ind2=" " tag="035"><subfield code="a">(NEBIS)004726224EBI01</subfield></datafield><datafield ind1=" " ind2=" " tag="035"><subfield code="a">(IDSLU)000393215ILU01</subfield></datafield><datafield ind1=" " ind2=" " tag="035"><subfield code="a">(IDSBB)003276153DSV01</subfield></datafield><datafield ind1=" " ind2=" " tag="035"><subfield code="a">(EXLNZ-41SLSP_NETWORK)991028915989705501</subfield></datafield><datafield ind1=" " ind2=" " tag="040"><subfield code="a">RERO labcud</subfield><subfield code="d">CH-ZuSLS</subfield></datafield><datafield ind1="0" ind2=" " tag="041"><subfield code="a">fre</subfield><subfield code="a">ger</subfield><subfield code="a">ita</subfield><subfield code="a">eng</subfield></datafield><datafield ind1=" " ind2=" " tag="044"><subfield code="a">sz</subfield><subfield code="c">ch-zh</subfield></datafield><datafield ind1=" " ind2="7" tag="072"><subfield code="a">ht</subfield><subfield code="2">rero</subfield></datafield><datafield ind1=" " ind2="7" tag="072"><subfield code="a">td</subfield><subfield code="2">rero</subfield></datafield><datafield ind1=" " ind2="7" tag="072"><subfield code="a">630</subfield><subfield code="2">IDS LU</subfield></datafield><datafield ind1=" " ind2="7" tag="072"><subfield code="a">vk</subfield><subfield code="2">SzZuIDS BS/BE</subfield></datafield><datafield ind1=" " ind2="7" tag="072"><subfield code="a">wg</subfield><subfield code="2">SzZuIDS BS/BE</subfield></datafield><datafield ind1=" " ind2="7" tag="072"><subfield code="a">gg</subfield><subfield code="2">SzZuIDS BS/BE</subfield></datafield><datafield ind1="0" ind2="4" tag="082"><subfield code="a">306.09</subfield><subfield code="2">22/ger</subfield></datafield><datafield ind1="0" ind2="4" tag="082"><subfield code="a">940</subfield></datafield><datafield ind1="1" ind2="4" tag="082"><subfield code="a">306.48</subfield><subfield code="2">21</subfield></datafield><datafield ind1="1" ind2="4" tag="082"><subfield code="a">390</subfield><subfield code="2">15</subfield></datafield><datafield ind1="1" ind2="4" tag="082"><subfield code="a">330</subfield><subfield code="2">15</subfield></datafield><datafield ind1=" " ind2=" " tag="084"><subfield code="a">LB 61000</subfield><subfield code="2">rvk</subfield></datafield><datafield ind1=" " ind2=" " tag="084"><subfield code="a">LB 57000</subfield><subfield code="2">rvk</subfield></datafield><datafield ind1=" " ind2=" " tag="084"><subfield code="a">NK 4940</subfield><subfield code="2">rvk</subfield></datafield><datafield ind1=" " ind2=" " tag="084"><subfield code="a">QQ 920</subfield><subfield code="2">rvk</subfield></datafield><datafield ind1="0" ind2="0" tag="245"><subfield code="a">Tourisme et changements culturels</subfield><subfield code="b">= Tourismus und kultureller Wandel</subfield><subfield code="c">réd./Red. Thomas Busset, Luigi Lorenzetti, Jon Mathieu</subfield></datafield><datafield ind1="1" ind2=" " tag="246"><subfield code="a">Tourismus und Kultureller Wandel</subfield></datafield><datafield ind1=" " ind2="1" tag="264"><subfield code="a">Zürich</subfield><subfield code="b">Chronos</subfield><subfield code="c">[2004]</subfield></datafield><datafield ind1=" " ind2="4" tag="264"><subfield code="c">© 2004</subfield></datafield><datafield ind1=" " ind2=" " tag="300"><subfield code="a">327 p.</subfield><subfield code="b">ill.</subfield><subfield code="c">23 cm</subfield></datafield><datafield ind1=" " ind2=" " tag="336"><subfield code="b">txt</subfield><subfield code="2">rdacontent</subfield></datafield><datafield ind1=" " ind2=" " tag="337"><subfield code="b">n</subfield><subfield code="2">rdamedia</subfield></datafield><datafield ind1=" " ind2=" " tag="338"><subfield code="b">nc</subfield><subfield code="2">rdacarrier</subfield></datafield><datafield ind1="1" ind2=" " tag="490"><subfield code="a">Histoire des Alpes</subfield><subfield code="v">2004/9</subfield></datafield><datafield ind1=" " ind2=" " tag="500"><subfield code="a">Ce vol. contient les actes du Congrès de l'Association internationale pour l'histoire des Alpes qui s'est tenu du 24 au 27 septembre 2003 à Innsbruck</subfield></datafield><datafield ind1=" " ind2=" " tag="500"><subfield code="a">Beiträge franz., deutsch, ital. oder engl.</subfield></datafield><datafield ind1=" " ind2=" " tag="500"><subfield code="a">Beitr. in dt., franz. und ital. Sprache</subfield></datafield><datafield ind1=" " ind2=" " tag="546"><subfield code="a">Beiträge franz., deutsch, ital. oder engl.</subfield></datafield><datafield ind1=" " ind2="7" tag="648"><subfield code="a">Geschichte 1700-2000</subfield><subfield code="2">gnd</subfield></datafield><datafield ind1=" " ind2="7" tag="650"><subfield code="a">Tourisme</subfield><subfield code="0">(IDREF)02726520X</subfield><subfield code="2">idref</subfield></datafield><datafield ind1=" " ind2="7" tag="650"><subfield code="a">Changement social</subfield><subfield code="0">(IDREF)027285626</subfield><subfield code="2">idref</subfield></datafield><datafield ind1=" " ind2="7" tag="650"><subfield code="a">Kulturelle Entwicklung</subfield><subfield code="0">(DE-588)4165968-5</subfield><subfield code="2">gnd</subfield></datafield><datafield ind1=" " ind2="7" tag="650"><subfield code="a">Tourismus</subfield><subfield code="2">idszbz</subfield></datafield><datafield ind1=" " ind2="7" tag="650"><subfield code="a">Kulturwandel</subfield><subfield code="2">idszbz</subfield></datafield><datafield ind1=" " ind2="0" tag="650"><subfield code="a">Social change</subfield><subfield code="z">Alps</subfield></datafield><datafield ind1=" " ind2="0" tag="650"><subfield code="a">Tourism</subfield><subfield code="z">Alps</subfield><subfield code="x">History</subfield></datafield><datafield ind1=" " ind2="7" tag="650"><subfield code="a">ALPEN (EUROPÄISCHE GEBIRGE)</subfield><subfield code="9">ger</subfield><subfield code="0">(ETHUDK)000000278</subfield><subfield code="2">ethudk</subfield></datafield><datafield ind1=" " ind2="7" tag="650"><subfield code="a">SOZIALER WANDEL + GESELLSCHAFTLICHE ENTWICKLUNG (SOZIOLOGIE)</subfield><subfield code="9">ger</subfield><subfield code="0">(ETHUDK)000011903</subfield><subfield code="2">ethudk</subfield></datafield><datafield ind1=" " ind2="7" tag="650"><subfield code="a">TOURISMUS + TOURISMUSPOLITIK (WIRTSCHAFTSWISSENSCHAFTEN)</subfield><subfield code="9">ger</subfield><subfield code="0">(ETHUDK)000010800</subfield><subfield code="2">ethudk</subfield></datafield><datafield ind1=" " ind2="7" tag="650"><subfield code="a">TOURISMUSGESCHICHTE + HOTELLERIEGESCHICHTE + GASTRONOMIEGESCHICHTE</subfield><subfield code="9">ger</subfield><subfield code="0">(ETHUDK)000044351</subfield><subfield code="2">ethudk</subfield></datafield><datafield ind1=" " ind2="7" tag="650"><subfield code="a">Kulturwandel</subfield><subfield code="0">(DE-588)4033596-3</subfield><subfield code="2">gnd</subfield></datafield><datafield ind1=" " ind2="7" tag="650"><subfield code="a">Tourismus</subfield><subfield code="0">(DE-588)4018406-7</subfield><subfield code="2">gnd</subfield></datafield><datafield ind1=" " ind2="7" tag="650"><subfield code="a">Fremdenverkehr</subfield><subfield code="x">Kulturwandel</subfield><subfield code="z">Alpen</subfield><subfield code="y">Geschichte Neuzeit</subfield><subfield code="v">Kongressbericht</subfield><subfield code="2">idsbb</subfield></datafield><datafield ind1=" " ind2="7" tag="650"><subfield code="a">Kulturwandel</subfield><subfield code="x">Fremdenverkehr</subfield><subfield code="z">Alpen</subfield><subfield code="y">Geschichte Neuzeit</subfield><subfield code="v">Kongressbericht</subfield><subfield code="2">idsbb</subfield></datafield><datafield ind1=" " ind2="7" tag="651"><subfield code="a">Alpes</subfield><subfield code="0">(IDREF)027259285</subfield><subfield code="2">idref</subfield></datafield><datafield ind1=" " ind2="7" tag="651"><subfield code="a">Alpen</subfield><subfield code="2">idszbz</subfield></datafield><datafield ind1=" " ind2="0" tag="651"><subfield code="a">Alps</subfield><subfield code="x">Description and travel</subfield></datafield><datafield ind1=" " ind2="7" tag="651"><subfield code="a">Alpen</subfield><subfield code="0">(DE-588)4001328-5</subfield><subfield code="2">gnd</subfield></datafield><datafield ind1=" " ind2="7" tag="655"><subfield code="a">Actes de congrès</subfield><subfield code="0">(IDREF)02886431X</subfield><subfield code="2">idref</subfield></datafield><datafield ind1=" " ind2="7" tag="655"><subfield code="a">Aufsatzsammlung</subfield><subfield code="2">idszbz</subfield></datafield><datafield ind1=" " ind2="7" tag="655"><subfield code="a">Konferenzschrift</subfield><subfield code="z">Innsbruck</subfield><subfield code="y">2003</subfield><subfield code="2">gnd-content</subfield></datafield><datafield ind1=" " ind2=" " tag="690"><subfield code="a">cle ; changement ; rédaction ; transformation ; guide ; table ; vue ; tape ; langue ; but ; milieu ; bar ; dalle ; construction ; italien ; valeur ; espace ; concept ; auteur ; contribution ; paiement ; payement</subfield><subfield code="2">idssg-J</subfield></datafield><datafield ind1=" " ind2=" " tag="690"><subfield code="a">Mental maps</subfield><subfield code="2">idssg-J</subfield></datafield><datafield ind1=" " ind2=" " tag="690"><subfield code="a">TOURISMUS; KULTURELLER; WANDEL; REDAKTION; THOMAS; BUSSET; LORENZETTI; MATHIEU; INHALTSVERZEICHNIS; ditorial; Alpiner; Tourismus; mehr; Chancen; als; Gefahren; Versuch; einer; Gesamtschau; Mathis; Wallnig; Panorarnen; Von; den; schrecklichen; zu; sch; nen; und; erhabenen; Bergen; Ruth; Groh; Heiss; Alpi; nell; era; del; turismo; Alcune; problematiche; di; metodologia; storiografica; Luigi; Zanzi; Das; eroberte; Gebirge; cultura; dell; ospitalit; lungo; versante; m; ridionale; Andr; Leonardi; r; cits; fran; derni; res; cennies; Der; slowenischen; Alpen; vom; Ende; Jahrhunderts; zum; Ersten; Weltkrieg; Olga; Jansa; Zorn; ges; cles; Ren; Favier; visto; dall; interno; alcunejriflessioni; partire; fonti; autobiografiche; tra; secolo; contemporanea; SlMONA; BOSCANI; Eine; aussergew; hnliche; Landschaft; Kapital; Destinationsmanagement; im; Jahrhundert; am; Beispiel; von; Zermatt; Merki; historischer; Reisef; hrer; Zur; touristischen; Verdichtung; Kulturr; umen; der; Brennerroute; Gunda; Barth; Scalmani; apprivois; e; gebandigte; Montreux; Oberland; Bernois; syst; STORIA; GESCHICHTE; Die; Automobilisierung; Blicks; auf; die; Grossglocknerstrasse; Bildwerbung; Urlaubsalben; Pagenstecher; Modernisierungsagentur; Identitatsressource; Fallbeispiel; Skilaufs; sterreiehischen; Bernhard; Tschofen; ttenkulturen; Vergleich; sterreich; Bilder; Strukturen; Optionen; Nikola; Langreiter; Margareth; Lanzinger; Iean; English; summaries; Anschriften; Autoren; Call; papers; Modalit; Zahlungsmodalit; ten; j; Befeits; erschienen; TOURISME; TOURISMUS; KULTURELLER; WANDEL; REDAKTION; THOMAS; BUSSET; LORENZETTI; MATHIEU; CHRONOS; INHALTSVERZEICHNIS; BOSCANI; HISTOIRE; ALPES; STORIA; GESCHICHTE; D</subfield><subfield code="2">idssg-J</subfield></datafield><datafield ind1=" " ind2=" " tag="690"><subfield code="a">130</subfield><subfield code="d">Fremdenverkehr, Tourismus</subfield><subfield code="2">uzb-UJ</subfield></datafield><datafield ind1=" " ind2=" " tag="690"><subfield code="a">130ea</subfield><subfield code="d">Kulturelle Auswirkungen des Tourismus</subfield><subfield code="2">uzb-UJ</subfield></datafield><datafield ind1=" " ind2=" " tag="690"><subfield code="a">271</subfield><subfield code="d">Alpen</subfield><subfield code="2">uzb-UJ</subfield></datafield><datafield ind1=" " ind2=" " tag="690"><subfield code="a">Alpen, kultureller Wandel</subfield><subfield code="2">ubs-A6</subfield></datafield><datafield ind1=" " ind2=" " tag="690"><subfield code="a">Tourismus, Alpen</subfield><subfield code="2">ubs-A6</subfield></datafield><datafield ind1=" " ind2=" " tag="690"><subfield code="a">Kultureller Wandel, Alpen, Tourismus</subfield><subfield code="2">ubs-A6</subfield></datafield><datafield ind1="1" ind2=" " tag="700"><subfield code="a">Lorenzetti, Luigi</subfield><subfield code="d">1964-....</subfield><subfield code="0">(IDREF)061070114</subfield></datafield><datafield ind1="1" ind2=" " tag="700"><subfield code="a">Mathieu, Jon</subfield><subfield code="d">1952-....</subfield><subfield code="0">(IDREF)028986180</subfield></datafield><datafield ind1="1" ind2=" " tag="700"><subfield code="a">Busset, Thomas</subfield><subfield code="d">1957-</subfield><subfield code="0">(DE-588)118100793</subfield><subfield code="6">880-04</subfield></datafield><datafield ind1="1" ind2=" " tag="880"><subfield code="a">Busset, Thomas</subfield><subfield code="d">1957-</subfield><subfield code="0">(RERO)A003061553</subfield><subfield code="6">700-04</subfield></datafield><datafield ind1="2" ind2=" " tag="710"><subfield code="a">Internationale Gesellschaft für Historische Alpenforschung</subfield><subfield code="0">(DE-588)1235826-5</subfield></datafield><datafield ind1="2" ind2=" " tag="710"><subfield code="a">Association internationale pour l'histoire des Alpes</subfield><subfield code="b">Congrès</subfield><subfield code="d">2003</subfield><subfield code="c">Insbruck</subfield><subfield code="0">(RERO)A012412396</subfield></datafield><datafield ind1="4" ind2=" " tag="856"><subfield code="u">https://tools.unisg.ch/url/hm00223364</subfield><subfield code="z">Inhaltsverzeichnis</subfield></datafield><datafield ind1="4" ind2=" " tag="856"><subfield code="3">Abstract / Autoreninformation</subfield><subfield code="u">https://toc.library.ethz.ch/objects/pdf/000061212_e01_3034006853_02.pdf</subfield><subfield code="q">pdf</subfield></datafield><datafield ind1=" " ind2="0" tag="830"><subfield code="a">Histoire des alpes</subfield><subfield code="v">9</subfield><subfield code="w">(IDSSG)000162676HSB01</subfield></datafield><datafield ind1=" " ind2=" " tag="900"><subfield code="a">IDSE5E19ANH-2004</subfield></datafield><datafield ind1=" " ind2=" " tag="900"><subfield code="a">IDSZ1ZH</subfield></datafield><datafield ind1=" " ind2=" " tag="900"><subfield code="a">IDSZ2zbzmon200407l</subfield><subfield code="c">IDSZ2corr</subfield><subfield code="d">IDSZ2zbzswk200407b</subfield><subfield code="e">IDSZ2hang</subfield></datafield><datafield ind1=" " ind2=" " tag="949"><subfield code="a">https://toc.library.ethz.ch/objects/pdf/000061212_e01_3034006853_02.pdf</subfield></datafield><datafield ind1=" " ind2=" " tag="949"><subfield code="a">https://tools.unisg.ch/url/hm00223364</subfield></datafield></record>
</metadata></record>