<record><header><identifier>oai:alma.41SLSP_UGE:991000058069705502</identifier><datestamp>2023-03-30T00:11:45Z</datestamp><setSpec>uge_bcen_RapidILL_BOOK</setSpec><setSpec>uge_aaca_RapidILL_BOOK</setSpec><setSpec>uge_abels_RapidILL_BOOK</setSpec><setSpec>uge_dbu_RapidILL_BOOK</setSpec><setSpec>uge_cmu_RapidILL_BOOK</setSpec><setSpec>uge_mail_RapidILL_BOOK</setSpec><setSpec>uge_abbat_RapidILL_BOOK</setSpec><setSpec>UNIGE_ALL</setSpec><setSpec>uge_aobs_RapidILL_BOOK</setSpec><setSpec>uge_acar_RapidILL_BOOK</setSpec></header><metadata>
<record xmlns="http://www.loc.gov/MARC21/slim" xmlns:xsi="http://www.w3.org/2001/XMLSchema-instance" xsi:schemaLocation="http://www.loc.gov/MARC21/slim http://www.loc.gov/standards/marcxml/schema/MARC21slim.xsd"><leader>01242nam a2200361 c 4500</leader><controlfield tag="001">991000058069705502</controlfield><controlfield tag="005">20230329201723.0</controlfield><controlfield tag="008">201011s1978    xxk||||| |||| 00| ||eng d</controlfield><datafield ind1=" " ind2=" " tag="020"><subfield code="a">071312704X</subfield></datafield><datafield ind1=" " ind2=" " tag="035"><subfield code="a">(swissbib)21204043X-41slsp_network</subfield></datafield><datafield ind1=" " ind2=" " tag="035"><subfield code="a">21204043X</subfield><subfield code="9">ExL</subfield></datafield><datafield ind1=" " ind2=" " tag="035"><subfield code="a">(RERO)R005956240-41slsp</subfield></datafield><datafield ind1=" " ind2=" " tag="035"><subfield code="a">(NEBIS)005557216EBI01</subfield></datafield><datafield ind1=" " ind2=" " tag="035"><subfield code="a">(EXLNZ-41SLSP_NETWORK)991055093209705501</subfield></datafield><datafield ind1=" " ind2=" " tag="040"><subfield code="a">LIBIS</subfield><subfield code="d">CH-ZuSLS</subfield></datafield><datafield ind1=" " ind2="7" tag="072"><subfield code="a">py</subfield><subfield code="2">rero</subfield></datafield><datafield ind1="1" ind2=" " tag="100"><subfield code="a">Caro, David Edmund</subfield><subfield code="0">(IDREF)198081804</subfield><subfield code="4">cre</subfield></datafield><datafield ind1="1" ind2="0" tag="245"><subfield code="a">Modern physics</subfield><subfield code="b">an introduction to atomic and nuclear physics</subfield><subfield code="c">D.E. Caro, J.A. McDonell, B.M. Spicer</subfield></datafield><datafield ind1=" " ind2=" " tag="250"><subfield code="a">3rd. ed.</subfield></datafield><datafield ind1=" " ind2="1" tag="264"><subfield code="a">London</subfield><subfield code="b">E. Arnold</subfield><subfield code="c">1978</subfield></datafield><datafield ind1=" " ind2=" " tag="300"><subfield code="a">212 p.</subfield><subfield code="b">ill.</subfield><subfield code="c">25 cm</subfield></datafield><datafield ind1=" " ind2=" " tag="336"><subfield code="b">txt</subfield><subfield code="2">rdacontent</subfield></datafield><datafield ind1=" " ind2=" " tag="337"><subfield code="b">n</subfield><subfield code="2">rdamedia</subfield></datafield><datafield ind1=" " ind2=" " tag="338"><subfield code="b">nc</subfield><subfield code="2">rdacarrier</subfield></datafield><datafield ind1=" " ind2=" " tag="500"><subfield code="a">Bibliogr., index</subfield></datafield><datafield ind1=" " ind2="7" tag="650"><subfield code="a">Physique nucléaire</subfield><subfield code="0">(IDREF)027306186</subfield><subfield code="2">idref</subfield></datafield><datafield ind1=" " ind2="7" tag="650"><subfield code="a">Atomes</subfield><subfield code="0">(IDREF)027220400</subfield><subfield code="2">idref</subfield></datafield><datafield ind1=" " ind2="7" tag="650"><subfield code="a">KERNPHYSIK, ATOMPHYSIK, MOLEKÜLPHYSIK</subfield><subfield code="9">ger</subfield><subfield code="0">(ETHUDK)000015289</subfield><subfield code="2">ethudk</subfield></datafield><datafield ind1="1" ind2=" " tag="700"><subfield code="a">Caro, David Edmund</subfield></datafield><datafield ind1="1" ind2=" " tag="700"><subfield code="a">MacDonell, J.A.</subfield></datafield><datafield ind1="1" ind2=" " tag="700"><subfield code="a">McDonell, J. A.</subfield><subfield code="0">(IDREF)198081987</subfield></datafield><datafield ind1="1" ind2=" " tag="700"><subfield code="a">Spicer, Brian Milton</subfield><subfield code="0">(IDREF)198082169</subfield></datafield><datafield ind1=" " ind2=" " tag="900"><subfield code="a">REROnoselfmerge</subfield></datafield><datafield ind1=" " ind2=" " tag="910"><subfield code="a">Boreal</subfield><subfield code="b">20110311</subfield><subfield code="c">Droits réservés</subfield></datafield></record>
</metadata></record>