<record><header><identifier>oai:alma.41SLSP_UGE:991000058279705502</identifier><datestamp>2023-03-01T01:10:30Z</datestamp><setSpec>uge_bcen_RapidILL_BOOK</setSpec><setSpec>uge_aaca_RapidILL_BOOK</setSpec><setSpec>uge_abels_RapidILL_BOOK</setSpec><setSpec>uge_dbu_RapidILL_BOOK</setSpec><setSpec>uge_cmu_RapidILL_BOOK</setSpec><setSpec>uge_mail_RapidILL_BOOK</setSpec><setSpec>UNIGE_ALL</setSpec><setSpec>uge_abbat_RapidILL_BOOK</setSpec><setSpec>uge_aobs_RapidILL_BOOK</setSpec><setSpec>uge_acar_RapidILL_BOOK</setSpec></header><metadata>
<record xmlns="http://www.loc.gov/MARC21/slim" xmlns:xsi="http://www.w3.org/2001/XMLSchema-instance" xsi:schemaLocation="http://www.loc.gov/MARC21/slim http://www.loc.gov/standards/marcxml/schema/MARC21slim.xsd"><leader>01446nam a2200385 c 4500</leader><controlfield tag="001">991000058279705502</controlfield><controlfield tag="005">20230121193212.0</controlfield><controlfield tag="008">201011s1986    it ||||| |||| 00| ||ita d</controlfield><datafield ind1=" " ind2=" " tag="035"><subfield code="a">(swissbib)212488783-41slsp_network</subfield></datafield><datafield ind1=" " ind2=" " tag="035"><subfield code="a">212488783</subfield><subfield code="9">ExL</subfield></datafield><datafield ind1=" " ind2=" " tag="035"><subfield code="a">(RERO)1062892-41slsp</subfield></datafield><datafield ind1=" " ind2=" " tag="035"><subfield code="a">(NEBIS)001063652EBI01</subfield></datafield><datafield ind1=" " ind2=" " tag="035"><subfield code="a">(EXLNZ-41SLSP_NETWORK)991125592689705501</subfield></datafield><datafield ind1=" " ind2=" " tag="040"><subfield code="a">RERO geulit</subfield><subfield code="d">CH-ZuSLS</subfield></datafield><datafield ind1=" " ind2="7" tag="072"><subfield code="a">it</subfield><subfield code="2">rero</subfield></datafield><datafield ind1="0" ind2="0" tag="245"><subfield code="a">Fiabe lombarde</subfield><subfield code="c">scelte da Lidia Beduschi ; tradotte da Maurizio Cucchi</subfield></datafield><datafield ind1=" " ind2="1" tag="264"><subfield code="a">Milano</subfield><subfield code="b">A. Mondadori</subfield><subfield code="c">1986</subfield></datafield><datafield ind1=" " ind2=" " tag="300"><subfield code="a">XXXVI, 194 p.</subfield><subfield code="c">19 cm</subfield></datafield><datafield ind1=" " ind2=" " tag="336"><subfield code="b">txt</subfield><subfield code="2">rdacontent</subfield></datafield><datafield ind1=" " ind2=" " tag="337"><subfield code="b">n</subfield><subfield code="2">rdamedia</subfield></datafield><datafield ind1=" " ind2=" " tag="338"><subfield code="b">nc</subfield><subfield code="2">rdacarrier</subfield></datafield><datafield ind1="1" ind2=" " tag="490"><subfield code="a">Fiabe regionali italiane</subfield></datafield><datafield ind1="1" ind2=" " tag="490"><subfield code="a">Gli Oscar</subfield><subfield code="v">1863</subfield></datafield><datafield ind1="1" ind2=" " tag="490"><subfield code="a">Narrativa</subfield><subfield code="v">784</subfield></datafield><datafield ind1=" " ind2="7" tag="650"><subfield code="a">Contes italiens lombards</subfield><subfield code="0">(RERO)A027729520</subfield><subfield code="2">rero</subfield></datafield><datafield ind1=" " ind2="7" tag="655"><subfield code="a">Anthologies</subfield><subfield code="0">(IDREF)027269493</subfield><subfield code="2">idref</subfield></datafield><datafield ind1=" " ind2=" " tag="690"><subfield code="a">Lombardei / Anthropologie, Ethnographie, Volkskunde</subfield><subfield code="2">uzb-Z9</subfield></datafield><datafield ind1=" " ind2=" " tag="690"><subfield code="a">Märchen / Ausgaben: Einzelne Gebiete und Orte / Europa / Italien</subfield><subfield code="2">uzb-Z9</subfield></datafield><datafield ind1="1" ind2=" " tag="700"><subfield code="a">Beduschi, Lidia</subfield><subfield code="0">(IDREF)02911750X</subfield></datafield><datafield ind1="1" ind2=" " tag="700"><subfield code="a">Cucchi, Maurizio</subfield><subfield code="d">1945-</subfield><subfield code="0">(DE-588)119380218</subfield><subfield code="6">880-03</subfield></datafield><datafield ind1="1" ind2=" " tag="880"><subfield code="a">Cucchi, Maurizio</subfield><subfield code="0">(RERO)A003146426</subfield><subfield code="6">700-03</subfield></datafield><datafield ind1=" " ind2="0" tag="830"><subfield code="a">Fiabe Regionali Italiane</subfield></datafield><datafield ind1=" " ind2=" " tag="830"><subfield code="a">Oscar narrativa</subfield><subfield code="v">784</subfield><subfield code="w">(NEBIS)000995262EBI01</subfield></datafield><datafield ind1=" " ind2=" " tag="830"><subfield code="a">&lt;&lt;Gli&gt;&gt; Oscar</subfield><subfield code="v">1863</subfield><subfield code="w">(NEBIS)000995261EBI01</subfield></datafield><datafield ind1=" " ind2=" " tag="830"><subfield code="a">Narrativa</subfield><subfield code="p">Mondadori Italia</subfield><subfield code="v">784</subfield><subfield code="w">(RERO)0732205-41slsp</subfield></datafield><datafield ind1=" " ind2=" " tag="900"><subfield code="a">REROnoselfmerge</subfield></datafield><datafield ind1=" " ind2=" " tag="993"><subfield code="a">FLZ 3673/12</subfield><subfield code="x">ge/ulit/a/flz 3673/12</subfield><subfield code="9">LOCAL</subfield></datafield><datafield ind1=" " ind2=" " tag="993"><subfield code="a">BFLA 33427</subfield><subfield code="x">ge/ulit/a/flz 3673/12</subfield><subfield code="9">LOCAL</subfield></datafield></record>
</metadata></record>