<record><header><identifier>oai:alma.41SLSP_UGE:991000058489705502</identifier><datestamp>2024-10-02T00:09:15Z</datestamp><setSpec>UNIGE_ALL</setSpec></header><metadata>
<record xmlns="http://www.loc.gov/MARC21/slim" xmlns:xsi="http://www.w3.org/2001/XMLSchema-instance" xsi:schemaLocation="http://www.loc.gov/MARC21/slim http://www.loc.gov/standards/marcxml/schema/MARC21slim.xsd"><leader>02196njm a2200469 c 4500</leader><controlfield tag="001">991000058489705502</controlfield><controlfield tag="005">20211103193854.0</controlfield><controlfield tag="007">sd b||e|||||||</controlfield><controlfield tag="008">201011t19701970xxk||nn| ||||||   n fre d</controlfield><datafield ind1="0" ind2="2" tag="028"><subfield code="a">77324</subfield><subfield code="b">CBS</subfield></datafield><datafield ind1="0" ind2="2" tag="028"><subfield code="a">CBS 77324</subfield></datafield><datafield ind1=" " ind2=" " tag="035"><subfield code="a">(swissbib)224972952-41slsp_network</subfield></datafield><datafield ind1=" " ind2=" " tag="035"><subfield code="a">224972952</subfield><subfield code="9">ExL</subfield></datafield><datafield ind1=" " ind2=" " tag="035"><subfield code="a">(IDSLU)001358812ILU01</subfield></datafield><datafield ind1=" " ind2=" " tag="035"><subfield code="a">(RERO)R006025817-41slsp</subfield></datafield><datafield ind1=" " ind2=" " tag="035"><subfield code="a">(EXLNZ-41SLSP_NETWORK)991142658489705501</subfield></datafield><datafield ind1=" " ind2=" " tag="040"><subfield code="a">SzZuIDS LU</subfield><subfield code="b">ger</subfield><subfield code="e">rda</subfield><subfield code="d">CH-ZuSLS</subfield></datafield><datafield ind1=" " ind2="7" tag="072"><subfield code="a">480</subfield><subfield code="2">IDS LU</subfield></datafield><datafield ind1=" " ind2="7" tag="072"><subfield code="a">mu</subfield><subfield code="2">rero</subfield></datafield><datafield ind1="1" ind2=" " tag="100"><subfield code="a">Debussy, Claude</subfield><subfield code="d">1862-1918</subfield><subfield code="0">(DE-588)118524186</subfield><subfield code="e">Komponist</subfield><subfield code="4">cmp</subfield><subfield code="6">880-01</subfield></datafield><datafield ind1="1" ind2=" " tag="880"><subfield code="6">100-01</subfield><subfield code="a">Debussy, Claude</subfield><subfield code="d">1862-1918</subfield><subfield code="0">(IDREF)026816105</subfield><subfield code="4">cre</subfield></datafield><datafield ind1="1" ind2="0" tag="245"><subfield code="a">Pelléas et Mélisande</subfield><subfield code="c">Debussy ; Maeterlinck</subfield></datafield><datafield ind1=" " ind2="1" tag="264"><subfield code="a">[London]</subfield><subfield code="b">CBS</subfield><subfield code="c">[1970]</subfield></datafield><datafield ind1=" " ind2="4" tag="264"><subfield code="c">℗ 1970</subfield></datafield><datafield ind1=" " ind2=" " tag="300"><subfield code="a">3 Schallplatten</subfield><subfield code="b">33 1/3 UpM, Stereo</subfield></datafield><datafield ind1=" " ind2=" " tag="336"><subfield code="b">prm</subfield><subfield code="2">rdacontent</subfield></datafield><datafield ind1=" " ind2=" " tag="337"><subfield code="b">s</subfield><subfield code="2">rdamedia</subfield></datafield><datafield ind1=" " ind2=" " tag="338"><subfield code="b">sd</subfield><subfield code="2">rdacarrier</subfield></datafield><datafield ind1=" " ind2=" " tag="500"><subfield code="a">Texte de M. Maeterlinck</subfield></datafield><datafield ind1="1" ind2=" " tag="511"><subfield code="a">The Orchestra of the Royal Opera House, Covent Garden ; conducted by Pierre Boulez ; George Shirley, Elizabeth Soederstroem, Donald McIntyre, David Wand, Yvonne Minton, Dennis Wicks, Anthony Britten (Singstimmen)</subfield></datafield><datafield ind1=" " ind2="7" tag="655"><subfield code="a">Schallplatte</subfield><subfield code="2">gnd-carrier</subfield></datafield><datafield ind1=" " ind2=" " tag="690"><subfield code="a">Bühnenmusik / Musik zu szenischen Werken (Oper, Operette, Musical, Ballett)</subfield><subfield code="2">rzs-LB</subfield></datafield><datafield ind1="1" ind2=" " tag="700"><subfield code="a">Maeterlinck, Maurice</subfield><subfield code="d">1862-1949</subfield><subfield code="0">(DE-588)118576089</subfield><subfield code="e">Librettist</subfield><subfield code="4">lbt</subfield></datafield><datafield ind1="1" ind2=" " tag="700"><subfield code="a">Shirley, George</subfield><subfield code="d">1934-</subfield><subfield code="0">(DE-588)134521439</subfield><subfield code="e">Sänger</subfield><subfield code="4">sng</subfield></datafield><datafield ind1="1" ind2=" " tag="700"><subfield code="a">Söderström, Elisabeth</subfield><subfield code="d">1927-2009</subfield><subfield code="0">(DE-588)119006952</subfield><subfield code="e">Sänger</subfield><subfield code="4">sng</subfield></datafield><datafield ind1="1" ind2=" " tag="700"><subfield code="a">McIntyre, Donald</subfield><subfield code="d">1934-</subfield><subfield code="0">(DE-588)124923712</subfield><subfield code="e">Sänger</subfield><subfield code="4">sng</subfield></datafield><datafield ind1="1" ind2="2" tag="700"><subfield code="a">Debussy, Claude</subfield><subfield code="d">1862-1918</subfield><subfield code="t">Pelléas et Mélisande</subfield><subfield code="0">(DE-588)300042248</subfield></datafield><datafield ind1="1" ind2=" " tag="700"><subfield code="a">Boulez, Pierre</subfield><subfield code="d">1925-2016</subfield><subfield code="0">(DE-588)118514024</subfield><subfield code="e">Dirigent</subfield><subfield code="4">cnd</subfield><subfield code="6">880-07</subfield></datafield><datafield ind1="1" ind2=" " tag="880"><subfield code="6">700-07</subfield><subfield code="a">Boulez, Pierre</subfield><subfield code="d">1925-2016</subfield><subfield code="0">(IDREF)02674404X</subfield></datafield><datafield ind1="2" ind2=" " tag="710"><subfield code="a">Royal Opera House Covent Garden</subfield><subfield code="g">Londres</subfield><subfield code="b">Chorus</subfield><subfield code="0">(IDREF)077719573</subfield></datafield><datafield ind1="2" ind2=" " tag="710"><subfield code="a">Royal Opera House Covent Garden</subfield><subfield code="g">Londres</subfield><subfield code="b">Orchestra</subfield><subfield code="0">(IDREF)077719565</subfield></datafield><datafield ind1="2" ind2=" " tag="710"><subfield code="a">Royal Opera House</subfield><subfield code="g">London</subfield><subfield code="b">Orchestra</subfield><subfield code="0">(DE-588)802299-9</subfield><subfield code="e">Instrumentalmusiker</subfield><subfield code="4">itr</subfield></datafield><datafield ind1=" " ind2=" " tag="900"><subfield code="a">REROnoselfmerge</subfield></datafield><datafield ind1=" " ind2=" " tag="960"><subfield code="2">matmu</subfield><subfield code="a">France ; XXeme ; opéra ; Maeterlinck</subfield><subfield code="9">LOCAL</subfield></datafield></record>
</metadata></record>