<record><header><identifier>oai:alma.41SLSP_UGE:991000057969705502</identifier><datestamp>2023-09-07T00:39:44Z</datestamp><setSpec>uge_bcen_RapidILL_BOOK</setSpec><setSpec>uge_aaca_RapidILL_BOOK</setSpec><setSpec>uge_abels_RapidILL_BOOK</setSpec><setSpec>uge_dbu_RapidILL_BOOK</setSpec><setSpec>uge_cmu_RapidILL_BOOK</setSpec><setSpec>uge_mail_RapidILL_BOOK</setSpec><setSpec>uge_abbat_RapidILL_BOOK</setSpec><setSpec>UNIGE_ALL</setSpec><setSpec>uge_acar_RapidILL_BOOK</setSpec><setSpec>uge_aobs_RapidILL_BOOK</setSpec></header><metadata>
<record xmlns="http://www.loc.gov/MARC21/slim" xmlns:xsi="http://www.w3.org/2001/XMLSchema-instance" xsi:schemaLocation="http://www.loc.gov/MARC21/slim http://www.loc.gov/standards/marcxml/schema/MARC21slim.xsd"><leader>00972nam a2200289 c 4500</leader><controlfield tag="001">991000057969705502</controlfield><controlfield tag="005">20201225183839.0</controlfield><controlfield tag="008">940318s1994    it ||||| |||| 00| ||ita d</controlfield><datafield ind1=" " ind2=" " tag="020"><subfield code="a">8877467061</subfield></datafield><datafield ind1=" " ind2=" " tag="035"><subfield code="a">(swissbib)088561429-41slsp_network</subfield></datafield><datafield ind1=" " ind2=" " tag="035"><subfield code="a">088561429</subfield><subfield code="9">ExL</subfield></datafield><datafield ind1=" " ind2=" " tag="035"><subfield code="a">(RERO)1827606-41slsp</subfield></datafield><datafield ind1=" " ind2=" " tag="035"><subfield code="a">(EXLNZ-41SLSP_NETWORK)991071563089705501</subfield></datafield><datafield ind1=" " ind2=" " tag="040"><subfield code="a">RERO tibrb-</subfield><subfield code="d">CH-ZuSLS</subfield></datafield><datafield ind1="1" ind2=" " tag="041"><subfield code="a">ita</subfield><subfield code="h">ara</subfield></datafield><datafield ind1=" " ind2="7" tag="072"><subfield code="a">sm</subfield><subfield code="2">rero</subfield></datafield><datafield ind1="1" ind2=" " tag="100"><subfield code="a">Gibran, Khalil Gibran</subfield><subfield code="d">1883-1931</subfield><subfield code="0">(IDREF)026890453</subfield><subfield code="4">cre</subfield></datafield><datafield ind1="1" ind2="0" tag="245"><subfield code="a">&lt;&lt;Il&gt;&gt; miscredente</subfield><subfield code="b">[romanzo]</subfield><subfield code="c">Gibran Kahlil Gibran ; a cura [e trad.] di Younis Tawfik e Roberto Rossi Testa</subfield></datafield><datafield ind1=" " ind2="1" tag="264"><subfield code="a">Parma</subfield><subfield code="b">Guanda</subfield><subfield code="c">1994</subfield></datafield><datafield ind1=" " ind2=" " tag="300"><subfield code="a">100 p.</subfield><subfield code="c">20 cm</subfield></datafield><datafield ind1=" " ind2=" " tag="336"><subfield code="b">txt</subfield><subfield code="2">rdacontent</subfield></datafield><datafield ind1=" " ind2=" " tag="337"><subfield code="b">n</subfield><subfield code="2">rdamedia</subfield></datafield><datafield ind1=" " ind2=" " tag="338"><subfield code="b">nc</subfield><subfield code="2">rdacarrier</subfield></datafield><datafield ind1="1" ind2=" " tag="490"><subfield code="a">Quaderni della Fenice</subfield></datafield><datafield ind1=" " ind2=" " tag="500"><subfield code="a">Trad. di: Al-arwāḥ al-mutamarrida.</subfield></datafield><datafield ind1="1" ind2=" " tag="700"><subfield code="a">Tawfik, Younis</subfield><subfield code="0">(RERO)A003889787</subfield></datafield><datafield ind1=" " ind2=" " tag="830"><subfield code="a">Quaderni della Fenice</subfield><subfield code="w">(RERO)0212580-41slsp</subfield></datafield><datafield ind1=" " ind2=" " tag="900"><subfield code="a">REROnoselfmerge</subfield></datafield></record>
</metadata></record>