<record><header><identifier>oai:alma.41SLSP_UGE:991000058089705502</identifier><datestamp>2023-06-26T00:15:31Z</datestamp><setSpec>UNIGE_ALL</setSpec></header><metadata>
<record xmlns="http://www.loc.gov/MARC21/slim" xmlns:xsi="http://www.w3.org/2001/XMLSchema-instance" xsi:schemaLocation="http://www.loc.gov/MARC21/slim http://www.loc.gov/standards/marcxml/schema/MARC21slim.xsd"><leader>01513ngm a2200349 c 4500</leader><controlfield tag="001">991000058089705502</controlfield><controlfield tag="005">20230625183756.0</controlfield><controlfield tag="007">vd |v||||</controlfield><controlfield tag="008">080528s1983    fr ||| |          v|fre d</controlfield><datafield ind1=" " ind2=" " tag="035"><subfield code="a">(swissbib)106789600-41slsp_network</subfield></datafield><datafield ind1=" " ind2=" " tag="035"><subfield code="a">106789600</subfield><subfield code="9">ExL</subfield></datafield><datafield ind1=" " ind2=" " tag="035"><subfield code="a">(RERO)R004709444-41slsp</subfield></datafield><datafield ind1=" " ind2=" " tag="035"><subfield code="a">(EXLNZ-41SLSP_NETWORK)991112539019705501</subfield></datafield><datafield ind1=" " ind2=" " tag="040"><subfield code="a">RERO geumed</subfield><subfield code="d">CH-ZuSLS</subfield></datafield><datafield ind1="1" ind2=" " tag="041"><subfield code="a">fre</subfield><subfield code="h">ita</subfield></datafield><datafield ind1=" " ind2="7" tag="072"><subfield code="a">it</subfield><subfield code="2">rero</subfield></datafield><datafield ind1=" " ind2="7" tag="072"><subfield code="a">td</subfield><subfield code="2">rero</subfield></datafield><datafield ind1="1" ind2=" " tag="100"><subfield code="a">Gozzi, Carlo</subfield><subfield code="0">(RERO)A003312297</subfield><subfield code="4">cre</subfield></datafield><datafield ind1="1" ind2="0" tag="245"><subfield code="a">&lt;&lt;L'&gt;&gt;oiseau vert</subfield><subfield code="b">comédie fabuleuse</subfield><subfield code="c">d'après Carlo Gozzi ; mise en scène Benno Besson ; réal. Hervé Basle ; décor et costumes Jean-Marc Stehlé ; masques Werner Stub ; musique Christian Oestreicher</subfield></datafield><datafield ind1=" " ind2="1" tag="264"><subfield code="a">[Lieu de publication non identifié]</subfield><subfield code="b">FR3 Bretagne et Pays de la Loire [prod.]</subfield><subfield code="c">[1983]</subfield></datafield><datafield ind1=" " ind2="3" tag="264"><subfield code="a">Genève</subfield><subfield code="b">SSR [diffuseur]</subfield><subfield code="c">1983</subfield></datafield><datafield ind1=" " ind2="4" tag="264"><subfield code="c">© 1983</subfield></datafield><datafield ind1=" " ind2=" " tag="300"><subfield code="a">1 DVD vidéo (2h)</subfield><subfield code="b">couleur</subfield></datafield><datafield ind1=" " ind2=" " tag="336"><subfield code="b">tdi</subfield><subfield code="2">rdacontent</subfield></datafield><datafield ind1=" " ind2=" " tag="337"><subfield code="b">v</subfield><subfield code="2">rdamedia</subfield></datafield><datafield ind1=" " ind2=" " tag="338"><subfield code="b">vd</subfield><subfield code="2">rdacarrier</subfield></datafield><datafield ind1=" " ind2=" " tag="500"><subfield code="a">Traduit de: L'angellino belverde.</subfield></datafield><datafield ind1=" " ind2=" " tag="500"><subfield code="a">Diffusé sur SSR le 31 août 1983</subfield></datafield><datafield ind1=" " ind2=" " tag="508"><subfield code="a">Images Jean Chenel... [et al.] ; son Jean Mins, Gérard Roux, Jean-Bernard Mace ; montage vidéo José Guena</subfield></datafield><datafield ind1="0" ind2=" " tag="511"><subfield code="a">Interpr. : Véronique Mermoud (Tartagliona) ; Carlo Brandt (Tartaglia) ; Jacqueline Burnand (Ninette) ; Hélène Firla (Barbarina)... [et al.]</subfield></datafield><datafield ind1=" " ind2="7" tag="655"><subfield code="a">DVD</subfield><subfield code="0">(IDREF)035108444</subfield><subfield code="2">idref</subfield></datafield><datafield ind1="1" ind2=" " tag="700"><subfield code="a">Besson, Benno</subfield><subfield code="0">(RERO)A003001273</subfield></datafield><datafield ind1="1" ind2=" " tag="700"><subfield code="a">Baslé, Hervé</subfield><subfield code="d">1938-2019</subfield><subfield code="0">(IDREF)057290539</subfield></datafield></record>
</metadata></record>