<record><header><identifier>oai:alma.41SLSP_UGE:991000057779705502</identifier><datestamp>2024-11-13T01:07:52Z</datestamp><setSpec>uge_bcen_RapidILL_BOOK</setSpec><setSpec>uge_aaca_RapidILL_BOOK</setSpec><setSpec>uge_abels_RapidILL_BOOK</setSpec><setSpec>uge_dbu_RapidILL_BOOK</setSpec><setSpec>uge_cmu_RapidILL_BOOK</setSpec><setSpec>uge_mail_RapidILL_BOOK</setSpec><setSpec>uge_abbat_RapidILL_BOOK</setSpec><setSpec>UNIGE_ALL</setSpec><setSpec>uge_aobs_RapidILL_BOOK</setSpec><setSpec>uge_acar_RapidILL_BOOK</setSpec></header><metadata>
<record xmlns="http://www.loc.gov/MARC21/slim" xmlns:xsi="http://www.w3.org/2001/XMLSchema-instance" xsi:schemaLocation="http://www.loc.gov/MARC21/slim http://www.loc.gov/standards/marcxml/schema/MARC21slim.xsd"><leader>02437nam a2200565 c 4500</leader><controlfield tag="001">991000057779705502</controlfield><controlfield tag="005">20230130194433.0</controlfield><controlfield tag="008">201011s1985    sz            00| | mul d</controlfield><datafield ind1=" " ind2=" " tag="020"><subfield code="a">3716504963</subfield></datafield><datafield ind1="7" ind2=" " tag="024"><subfield code="a">http://catalogue.bnf.fr/ark:/12148/cb36617714r</subfield><subfield code="2">uri</subfield></datafield><datafield ind1=" " ind2=" " tag="035"><subfield code="a">(swissbib)21331651X-41slsp_network</subfield></datafield><datafield ind1=" " ind2=" " tag="035"><subfield code="a">21331651X</subfield><subfield code="9">ExL</subfield></datafield><datafield ind1=" " ind2=" " tag="035"><subfield code="a">(SBT)000066019SBT01</subfield></datafield><datafield ind1=" " ind2=" " tag="035"><subfield code="a">(IDSBB)000449985DSV01</subfield></datafield><datafield ind1=" " ind2=" " tag="035"><subfield code="a">(IDSLU)000115926ILU01</subfield></datafield><datafield ind1=" " ind2=" " tag="035"><subfield code="a">(RERO)1967393-41slsp</subfield></datafield><datafield ind1=" " ind2=" " tag="035"><subfield code="a">(EXLNZ-41SLSP_NETWORK)991036508109705501</subfield></datafield><datafield ind1=" " ind2=" " tag="040"><subfield code="a">RERO vsbcvs</subfield><subfield code="d">CH-ZuSLS</subfield></datafield><datafield ind1="0" ind2=" " tag="041"><subfield code="a">ger</subfield><subfield code="a">fre</subfield><subfield code="a">ita</subfield></datafield><datafield ind1=" " ind2="7" tag="072"><subfield code="a">660</subfield><subfield code="2">IDS LU</subfield></datafield><datafield ind1=" " ind2="7" tag="072"><subfield code="a">ht</subfield><subfield code="2">rero</subfield></datafield><datafield ind1=" " ind2=" " tag="084"><subfield code="a">D 6 c</subfield><subfield code="2">cjurrom</subfield></datafield><datafield ind1="0" ind2="0" tag="245"><subfield code="a">1866 - 1872</subfield><subfield code="b">1er janvier 1866 - 24 décembre 1872</subfield><subfield code="c">préparé sous la dir. de Roland Ruffieux ; par Claude Altermatt, Michel Charrière, Markus Holenstein ; avec la collab. de Bernard Prongué ; Commission nationale pour la publication de documents diplomatiques suisses</subfield></datafield><datafield ind1=" " ind2="1" tag="264"><subfield code="a">Bern</subfield><subfield code="b">Benteli</subfield><subfield code="c">[1985]</subfield></datafield><datafield ind1=" " ind2="4" tag="264"><subfield code="c">© 1985</subfield></datafield><datafield ind1=" " ind2=" " tag="300"><subfield code="a">LXXVII, 760 S.</subfield><subfield code="b">Tab., Karten</subfield><subfield code="c">25 cm</subfield></datafield><datafield ind1=" " ind2=" " tag="336"><subfield code="b">txt</subfield><subfield code="2">rdacontent</subfield></datafield><datafield ind1=" " ind2=" " tag="337"><subfield code="b">n</subfield><subfield code="2">rdamedia</subfield></datafield><datafield ind1=" " ind2=" " tag="338"><subfield code="b">nc</subfield><subfield code="2">rdacarrier</subfield></datafield><datafield ind1="1" ind2=" " tag="490"><subfield code="a">Documents diplomatiques suisses</subfield><subfield code="v">Vol. 2</subfield></datafield><datafield ind1=" " ind2="4" tag="650"><subfield code="a">Diplomazia</subfield><subfield code="z">Svizzera</subfield><subfield code="x">documenti</subfield><subfield code="y">1866-1872</subfield></datafield><datafield ind1=" " ind2="7" tag="650"><subfield code="a">1866-1872</subfield><subfield code="2">rero</subfield></datafield><datafield ind1=" " ind2="7" tag="650"><subfield code="a">Relations extérieures</subfield><subfield code="0">(IDREF)027811255</subfield><subfield code="2">idref</subfield></datafield><datafield ind1=" " ind2="4" tag="651"><subfield code="a">Svizzera</subfield><subfield code="x">politica estera</subfield><subfield code="y">1866-1872</subfield><subfield code="x">fonti diplomatiche</subfield></datafield><datafield ind1=" " ind2="7" tag="651"><subfield code="a">Suisse</subfield><subfield code="0">(IDREF)027249654</subfield><subfield code="2">idref</subfield></datafield><datafield ind1=" " ind2="7" tag="655"><subfield code="a">[document]</subfield><subfield code="2">rerovoc</subfield><subfield code="0">(RERO)A010182398</subfield></datafield><datafield ind1=" " ind2=" " tag="690"><subfield code="a">Deutsch-französischer Krieg</subfield><subfield code="2">rzs-L2</subfield></datafield><datafield ind1=" " ind2=" " tag="690"><subfield code="a">Schweiz. Quellen</subfield><subfield code="2">rzs-L2</subfield></datafield><datafield ind1=" " ind2=" " tag="690"><subfield code="a">Schweiz. Beziehungen</subfield><subfield code="2">rzs-L2</subfield></datafield><datafield ind1=" " ind2=" " tag="690"><subfield code="a">Schweiz. Geschichte. 19. Jh.</subfield><subfield code="2">rzs-L2</subfield></datafield><datafield ind1=" " ind2=" " tag="690"><subfield code="a">Neutralität</subfield><subfield code="2">rzs-L2</subfield></datafield><datafield ind1=" " ind2=" " tag="690"><subfield code="a">Bundesstaat</subfield><subfield code="2">rzs-L2</subfield></datafield><datafield ind1="1" ind2=" " tag="700"><subfield code="a">Altermatt, Claude</subfield></datafield><datafield ind1="1" ind2=" " tag="700"><subfield code="a">Ruffieux, Roland</subfield><subfield code="d">1921-2004</subfield><subfield code="0">(IDREF)028339819</subfield></datafield><datafield ind1="1" ind2=" " tag="710"><subfield code="6">880-03</subfield><subfield code="a">Suisse</subfield><subfield code="b">Commission nationale pour la publication de documents diplomatiques suisses</subfield><subfield code="0">(SBT11)000007262</subfield></datafield><datafield ind1="1" ind2=" " tag="880"><subfield code="6">710-03</subfield><subfield code="a">Suisse</subfield><subfield code="b">Commission nationale pour la publication de documents diplomatiques suisses</subfield><subfield code="0">(IDREF)026407809</subfield></datafield><datafield ind1=" " ind2="0" tag="830"><subfield code="a">Documents diplomatiques suisses</subfield><subfield code="v">2</subfield><subfield code="w">(IDSLU)000135418ILU01</subfield></datafield><datafield ind1=" " ind2="0" tag="830"><subfield code="a">Documents diplomatiques suisses</subfield><subfield code="v">2</subfield><subfield code="w">(SBT)000065972SBT01</subfield></datafield><datafield ind1=" " ind2="0" tag="830"><subfield code="a">Diplomatische Dokumente der Schweiz</subfield><subfield code="v">2</subfield><subfield code="w">(IDSBB)000026090DSV01</subfield></datafield><datafield ind1=" " ind2="0" tag="830"><subfield code="a">Documents diplomatiques suisses</subfield><subfield code="v">2</subfield><subfield code="w">(RERO)1967322-41slsp</subfield></datafield><datafield ind1=" " ind2=" " tag="900"><subfield code="a">REROnoselfmerge</subfield></datafield></record>
</metadata></record>