<record><header><identifier>oai:alma.41SLSP_UGE:991000058299705502</identifier><datestamp>2023-03-01T01:10:30Z</datestamp><setSpec>uge_bcen_RapidILL_BOOK</setSpec><setSpec>uge_aaca_RapidILL_BOOK</setSpec><setSpec>uge_abels_RapidILL_BOOK</setSpec><setSpec>uge_dbu_RapidILL_BOOK</setSpec><setSpec>uge_cmu_RapidILL_BOOK</setSpec><setSpec>uge_mail_RapidILL_BOOK</setSpec><setSpec>UNIGE_ALL</setSpec><setSpec>uge_abbat_RapidILL_BOOK</setSpec><setSpec>uge_acar_RapidILL_BOOK</setSpec><setSpec>uge_aobs_RapidILL_BOOK</setSpec></header><metadata>
<record xmlns="http://www.loc.gov/MARC21/slim" xmlns:xsi="http://www.w3.org/2001/XMLSchema-instance" xsi:schemaLocation="http://www.loc.gov/MARC21/slim http://www.loc.gov/standards/marcxml/schema/MARC21slim.xsd"><leader>02769nam a2200541 c 4500</leader><controlfield tag="001">991000058299705502</controlfield><controlfield tag="005">20230221204244.0</controlfield><controlfield tag="008">201011s2014    xxu||||| |||| 10| ||eng d</controlfield><datafield ind1=" " ind2=" " tag="020"><subfield code="a">9781583818541</subfield><subfield code="q">hbk.</subfield></datafield><datafield ind1=" " ind2=" " tag="020"><subfield code="a">9781583818558</subfield><subfield code="q">online</subfield></datafield><datafield ind1=" " ind2=" " tag="035"><subfield code="a">(swissbib)228922593-41slsp_network</subfield></datafield><datafield ind1=" " ind2=" " tag="035"><subfield code="a">228922593</subfield><subfield code="9">ExL</subfield></datafield><datafield ind1=" " ind2=" " tag="035"><subfield code="a">(RERO)R008357880-41slsp</subfield></datafield><datafield ind1=" " ind2=" " tag="035"><subfield code="a">(NEBIS)010359265EBI01</subfield></datafield><datafield ind1=" " ind2=" " tag="035"><subfield code="a">(EXLNZ-41SLSP_NETWORK)991036172919705501</subfield></datafield><datafield ind1=" " ind2=" " tag="040"><subfield code="a">RERO geusob</subfield><subfield code="d">CH-ZuSLS</subfield></datafield><datafield ind1=" " ind2="7" tag="072"><subfield code="a">as</subfield><subfield code="2">rero</subfield></datafield><datafield ind1="0" ind2="0" tag="245"><subfield code="a">Astronomical data analysis software and systems XXIII</subfield><subfield code="b">[proceedings from a meeting held in Waikoloa Beach Marriott, Hawaii, USA, September 29-3 October 2013]</subfield><subfield code="c">ed. by N. Manset and P. Forshay</subfield></datafield><datafield ind1=" " ind2="1" tag="264"><subfield code="a">San Francisco</subfield><subfield code="b">Astronomical Society of the Pacific</subfield><subfield code="c">2014</subfield></datafield><datafield ind1=" " ind2=" " tag="300"><subfield code="a">XXX, 528 p.</subfield><subfield code="b">ill.</subfield></datafield><datafield ind1=" " ind2=" " tag="336"><subfield code="b">txt</subfield><subfield code="2">rdacontent</subfield></datafield><datafield ind1=" " ind2=" " tag="337"><subfield code="b">n</subfield><subfield code="2">rdamedia</subfield></datafield><datafield ind1=" " ind2=" " tag="338"><subfield code="b">nc</subfield><subfield code="2">rdacarrier</subfield></datafield><datafield ind1="1" ind2=" " tag="490"><subfield code="a">Astronomical Society of the Pacific conference series</subfield><subfield code="v">vol. 485</subfield></datafield><datafield ind1=" " ind2="7" tag="650"><subfield code="a">Analyse des données</subfield><subfield code="0">(IDREF)02734004X</subfield><subfield code="2">idref</subfield></datafield><datafield ind1=" " ind2="7" tag="650"><subfield code="a">Astronomie</subfield><subfield code="0">(IDREF)027220354</subfield><subfield code="2">idref</subfield></datafield><datafield ind1=" " ind2="0" tag="650"><subfield code="a">Astronomy</subfield><subfield code="v">Congresses</subfield><subfield code="x">Computer network resources</subfield></datafield><datafield ind1=" " ind2="0" tag="650"><subfield code="a">Imaging systems in astronomy</subfield><subfield code="v">Congresses</subfield><subfield code="x">Data processing</subfield></datafield><datafield ind1=" " ind2="0" tag="650"><subfield code="a">Information storage and retrieval systems</subfield><subfield code="v">Congresses</subfield><subfield code="x">Astronomy</subfield></datafield><datafield ind1=" " ind2="0" tag="650"><subfield code="a">Real-time data processing</subfield><subfield code="v">Congresses</subfield></datafield><datafield ind1=" " ind2="0" tag="650"><subfield code="a">Astronomy</subfield><subfield code="v">Congresses</subfield><subfield code="x">Databases</subfield></datafield><datafield ind1=" " ind2="7" tag="650"><subfield code="a">DATA MINING (MATHEMATISCHE STATISTIK)</subfield><subfield code="9">ger</subfield><subfield code="0">(ETHUDK)000062805</subfield><subfield code="2">ethudk</subfield></datafield><datafield ind1=" " ind2="7" tag="650"><subfield code="a">DATEN + DATENANALYSE (ASTRONOMIE)</subfield><subfield code="9">ger</subfield><subfield code="0">(ETHUDK)000013963</subfield><subfield code="2">ethudk</subfield></datafield><datafield ind1=" " ind2="7" tag="650"><subfield code="a">DIGITALE BILDVERARBEITUNG</subfield><subfield code="9">ger</subfield><subfield code="0">(ETHUDK)000046568</subfield><subfield code="2">ethudk</subfield></datafield><datafield ind1=" " ind2="7" tag="650"><subfield code="a">SOFTWAREPRODUKTE + SOFTWAREPAKETE</subfield><subfield code="9">ger</subfield><subfield code="0">(ETHUDK)000041392</subfield><subfield code="2">ethudk</subfield></datafield><datafield ind1=" " ind2="7" tag="650"><subfield code="a">VIRTUELLE OBSERVATORIEN (ASTRONOMIE)</subfield><subfield code="9">ger</subfield><subfield code="0">(ETHUDK)000064182</subfield><subfield code="2">ethudk</subfield></datafield><datafield ind1=" " ind2="7" tag="655"><subfield code="a">Actes de congrès</subfield><subfield code="0">(IDREF)02886431X</subfield><subfield code="2">idref</subfield></datafield><datafield ind1=" " ind2="7" tag="655"><subfield code="a">Konferenzschrift</subfield><subfield code="z">Waikoloa (Hawaii)</subfield><subfield code="y">2013</subfield><subfield code="2">gnd-content</subfield></datafield><datafield ind1="1" ind2=" " tag="700"><subfield code="a">Manset, N.</subfield></datafield><datafield ind1="1" ind2=" " tag="700"><subfield code="a">Forshay, P.</subfield><subfield code="0">(IDREF)181548518</subfield></datafield><datafield ind1="1" ind2=" " tag="700"><subfield code="a">Manset, Nadine</subfield><subfield code="0">(IDREF)073731900</subfield></datafield><datafield ind1="2" ind2=" " tag="711"><subfield code="a">Annual Conference on Astronomical Data Analysis and Software Systems</subfield><subfield code="0">(DE-588)1091948496</subfield></datafield><datafield ind1="4" ind2=" " tag="856"><subfield code="3">Titelblatt und Inhaltsverzeichnis</subfield><subfield code="u">https://toc.library.ethz.ch/objects/pdf03/e01_978-1-58381-854-1_01.pdf</subfield><subfield code="q">pdf</subfield></datafield><datafield ind1="4" ind2=" " tag="856"><subfield code="3">Abstract / Autoreninformation</subfield><subfield code="u">https://toc.library.ethz.ch/objects/pdf03/e01_978-1-58381-854-1_02.pdf</subfield><subfield code="q">pdf</subfield></datafield><datafield ind1=" " ind2="0" tag="830"><subfield code="a">Astronomical data analysis software and systems</subfield><subfield code="v">23</subfield><subfield code="w">(RERO)1916140-41slsp</subfield></datafield><datafield ind1=" " ind2="0" tag="830"><subfield code="a">Astronomical Society of the Pacific conference series</subfield><subfield code="v">485</subfield><subfield code="w">(NEBIS)000555787EBI01</subfield></datafield><datafield ind1=" " ind2=" " tag="900"><subfield code="a">REROnoselfmerge</subfield></datafield><datafield ind1=" " ind2=" " tag="949"><subfield code="a">https://toc.library.ethz.ch/objects/pdf03/e01_978-1-58381-854-1_01.pdf</subfield></datafield><datafield ind1=" " ind2=" " tag="949"><subfield code="a">https://toc.library.ethz.ch/objects/pdf03/e01_978-1-58381-854-1_02.pdf</subfield></datafield><datafield ind1=" " ind2=" " tag="961"><subfield code="2">ge-obs</subfield><subfield code="a">21.81</subfield><subfield code="9">LOCAL</subfield></datafield></record>
</metadata></record>