<record><header><identifier>oai:alma.41SLSP_UGE:991000058499705502</identifier><datestamp>2023-04-11T00:13:30Z</datestamp><setSpec>uge_bcen_RapidILL_BOOK</setSpec><setSpec>uge_aaca_RapidILL_BOOK</setSpec><setSpec>uge_abels_RapidILL_BOOK</setSpec><setSpec>uge_dbu_RapidILL_BOOK</setSpec><setSpec>uge_cmu_RapidILL_BOOK</setSpec><setSpec>uge_mail_RapidILL_BOOK</setSpec><setSpec>uge_abbat_RapidILL_BOOK</setSpec><setSpec>UNIGE_ALL</setSpec><setSpec>uge_aobs_RapidILL_BOOK</setSpec><setSpec>uge_acar_RapidILL_BOOK</setSpec></header><metadata>
<record xmlns="http://www.loc.gov/MARC21/slim" xmlns:xsi="http://www.w3.org/2001/XMLSchema-instance" xsi:schemaLocation="http://www.loc.gov/MARC21/slim http://www.loc.gov/standards/marcxml/schema/MARC21slim.xsd"><leader>02918nam a2200493 c 4500</leader><controlfield tag="001">991000058499705502</controlfield><controlfield tag="005">20230410175510.0</controlfield><controlfield tag="008">201011t20182018sz a     b||| 001 0 eng|d</controlfield><datafield ind1=" " ind2=" " tag="020"><subfield code="z">9783319693446</subfield><subfield code="q">eBook</subfield></datafield><datafield ind1=" " ind2=" " tag="020"><subfield code="a">9783319693439</subfield><subfield code="q">hardcover</subfield></datafield><datafield ind1=" " ind2=" " tag="020"><subfield code="a">3319693433</subfield></datafield><datafield ind1=" " ind2=" " tag="035"><subfield code="a">(swissbib)222799021-41slsp_network</subfield></datafield><datafield ind1=" " ind2=" " tag="035"><subfield code="a">222799021</subfield><subfield code="9">ExL</subfield></datafield><datafield ind1=" " ind2=" " tag="035"><subfield code="a">(NEBIS)011297385EBI01</subfield></datafield><datafield ind1=" " ind2=" " tag="035"><subfield code="a">(RERO)R008759603-41slsp</subfield></datafield><datafield ind1=" " ind2=" " tag="035"><subfield code="a">(EXLNZ-41SLSP_NETWORK)991013665539705501</subfield></datafield><datafield ind1=" " ind2=" " tag="040"><subfield code="a">YDX</subfield><subfield code="b">ger</subfield><subfield code="e">rda</subfield><subfield code="d">CH-ZuSLS</subfield></datafield><datafield ind1=" " ind2="4" tag="050"><subfield code="a">P121-143.3</subfield></datafield><datafield ind1=" " ind2="7" tag="072"><subfield code="a">lg</subfield><subfield code="2">rero</subfield></datafield><datafield ind1="0" ind2="4" tag="082"><subfield code="a">410</subfield></datafield><datafield ind1="1" ind2=" " tag="100"><subfield code="a">Dicerto, Sara</subfield><subfield code="0">(RERO)A027411375</subfield><subfield code="4">cre</subfield></datafield><datafield ind1="1" ind2="0" tag="245"><subfield code="a">Multimodal pragmatics and translation</subfield><subfield code="b">a new model for source text analysis</subfield><subfield code="c">Sara Dicerto</subfield></datafield><datafield ind1=" " ind2="1" tag="264"><subfield code="a">Cham, Switzerland</subfield><subfield code="b">Palgrave Macmillan, imprint of Springer</subfield><subfield code="c">[2018]</subfield></datafield><datafield ind1=" " ind2="4" tag="264"><subfield code="c">©2018</subfield></datafield><datafield ind1=" " ind2=" " tag="300"><subfield code="a">xi, 178 Seiten</subfield><subfield code="b">Illustrationen</subfield></datafield><datafield ind1=" " ind2=" " tag="336"><subfield code="b">txt</subfield><subfield code="2">rdacontent</subfield></datafield><datafield ind1=" " ind2=" " tag="337"><subfield code="b">n</subfield><subfield code="2">rdamedia</subfield></datafield><datafield ind1=" " ind2=" " tag="338"><subfield code="b">nc</subfield><subfield code="2">rdacarrier</subfield></datafield><datafield ind1="0" ind2=" " tag="490"><subfield code="a">Palgrave pivot</subfield></datafield><datafield ind1="0" ind2=" " tag="490"><subfield code="a">Palgrave studies in translating and interpreting</subfield></datafield><datafield ind1=" " ind2=" " tag="504"><subfield code="a">Includes bibliographical references (pages 167-173) and index</subfield></datafield><datafield ind1=" " ind2=" " tag="520"><subfield code="a">&quot;This book proposes a new model for the translation-oriented analysis of multimodal source texts. The author guides the reader through semiotics, multimodality, pragmatics and translation studies on a quest for the meaning-making mechanics of texts that combine images and words. She openly challenges the traditional view that sees translators focusing their attention mostly on the linguistic aspect of source material in their work. The central theoretical pivot around which the analytical model revolves is that multimodal texts communicate through individual images and linguistic units, as well as through the interaction among textual resources and the text's interaction with its context of reference. This three-dimensional view offers a holistic understanding of multimodal texts and their potential translation issues to help translators improve the way they communicate multimodally across languages and cultures. This book will appeal to researchers in the fields of translation studies, multimodality and pragmatics.&quot;--Back cover</subfield></datafield><datafield ind1=" " ind2="0" tag="650"><subfield code="a">Translating and interpreting</subfield></datafield><datafield ind1=" " ind2="0" tag="650"><subfield code="a">Pragmatics</subfield></datafield><datafield ind1=" " ind2="7" tag="650"><subfield code="a">Pragmatics</subfield><subfield code="2">fast</subfield></datafield><datafield ind1=" " ind2="7" tag="650"><subfield code="a">Translating and interpreting</subfield><subfield code="2">fast</subfield></datafield><datafield ind1=" " ind2="7" tag="650"><subfield code="a">LINGUISTISCHE TEXTANALYSE (LINGUISTIK)</subfield><subfield code="9">ger</subfield><subfield code="0">(ETHUDK)000042310</subfield><subfield code="2">ethudk</subfield></datafield><datafield ind1=" " ind2="7" tag="650"><subfield code="a">Traduction</subfield><subfield code="0">(IDREF)027254275</subfield><subfield code="2">idref</subfield></datafield><datafield ind1=" " ind2="7" tag="650"><subfield code="a">Pragmatique</subfield><subfield code="0">(IDREF)027245217</subfield><subfield code="2">idref</subfield></datafield><datafield ind1=" " ind2="7" tag="650"><subfield code="a">Sémiotique</subfield><subfield code="0">(IDREF)027344479</subfield><subfield code="2">idref</subfield></datafield><datafield ind1=" " ind2="7" tag="650"><subfield code="a">Interaction multimodale</subfield><subfield code="0">(IDREF)203675762</subfield><subfield code="2">idref</subfield></datafield><datafield ind1="4" ind2=" " tag="856"><subfield code="3">Titelblatt und Inhaltsverzeichnis</subfield><subfield code="u">https://toc.library.ethz.ch/objects/pdf03/e01_978-3-319-69343-9_01.pdf</subfield><subfield code="q">pdf</subfield></datafield><datafield ind1=" " ind2=" " tag="900"><subfield code="a">REROnoselfmerge</subfield></datafield><datafield ind1=" " ind2=" " tag="910"><subfield code="a">OCoLC</subfield><subfield code="b">20180131</subfield><subfield code="c">Droits réservés</subfield></datafield><datafield ind1=" " ind2=" " tag="949"><subfield code="a">https://toc.library.ethz.ch/objects/pdf03/e01_978-3-319-69343-9_01.pdf</subfield></datafield></record>
</metadata></record>