<record><header><identifier>oai:alma.41SLSP_UGE:991000057669705502</identifier><datestamp>2023-03-01T01:10:30Z</datestamp><setSpec>uge_bcen_RapidILL_BOOK</setSpec><setSpec>uge_aaca_RapidILL_BOOK</setSpec><setSpec>uge_abels_RapidILL_BOOK</setSpec><setSpec>uge_dbu_RapidILL_BOOK</setSpec><setSpec>uge_cmu_RapidILL_BOOK</setSpec><setSpec>uge_mail_RapidILL_BOOK</setSpec><setSpec>UNIGE_ALL</setSpec><setSpec>uge_abbat_RapidILL_BOOK</setSpec><setSpec>uge_aobs_RapidILL_BOOK</setSpec><setSpec>uge_acar_RapidILL_BOOK</setSpec></header><metadata>
<record xmlns="http://www.loc.gov/MARC21/slim" xmlns:xsi="http://www.w3.org/2001/XMLSchema-instance" xsi:schemaLocation="http://www.loc.gov/MARC21/slim http://www.loc.gov/standards/marcxml/schema/MARC21slim.xsd"><leader>02124nam a2200565 c 4500</leader><controlfield tag="001">991000057669705502</controlfield><controlfield tag="005">20230217202256.0</controlfield><controlfield tag="008">201011t19801980xxu||||| |||| 00| ||eng d</controlfield><datafield ind1=" " ind2=" " tag="019"><subfield code="a">Sonsino, Rifat (1938-) / Storchenegger, 1990.11.15</subfield></datafield><datafield ind1=" " ind2=" " tag="020"><subfield code="a">0891303170</subfield><subfield code="q">geb.</subfield></datafield><datafield ind1=" " ind2=" " tag="020"><subfield code="a">0891303189</subfield><subfield code="q">brosch.</subfield></datafield><datafield ind1=" " ind2=" " tag="035"><subfield code="a">(swissbib)222716770-41slsp_network</subfield></datafield><datafield ind1=" " ind2=" " tag="035"><subfield code="a">222716770</subfield><subfield code="9">ExL</subfield></datafield><datafield ind1=" " ind2=" " tag="035"><subfield code="a">(RERO)0743914-41slsp</subfield></datafield><datafield ind1=" " ind2=" " tag="035"><subfield code="a">(NEBIS)001121420EBI01</subfield></datafield><datafield ind1=" " ind2=" " tag="035"><subfield code="a">(IDSBB)004278760DSV01</subfield></datafield><datafield ind1=" " ind2=" " tag="035"><subfield code="a">(EXLNZ-41SLSP_NETWORK)991154425769705501</subfield></datafield><datafield ind1=" " ind2=" " tag="040"><subfield code="a">RERO labcud</subfield><subfield code="d">CH-ZuSLS</subfield></datafield><datafield ind1=" " ind2="7" tag="072"><subfield code="a">th</subfield><subfield code="2">rero</subfield></datafield><datafield ind1=" " ind2="7" tag="072"><subfield code="a">th</subfield><subfield code="2">SzZuIDS BS/BE</subfield></datafield><datafield ind1="1" ind2=" " tag="080"><subfield code="a">(05):22SBL-DS</subfield></datafield><datafield ind1="0" ind2="0" tag="082"><subfield code="a">222/.1/06</subfield></datafield><datafield ind1="1" ind2=" " tag="100"><subfield code="a">Sonsino, Rifat</subfield><subfield code="d">1938-....</subfield><subfield code="0">(IDREF)075549484</subfield><subfield code="4">cre</subfield></datafield><datafield ind1="1" ind2="0" tag="245"><subfield code="a">Motive clauses in Hebrew law</subfield><subfield code="b">biblical forms and near eastern parallels</subfield><subfield code="c">Rifat Sonsino</subfield></datafield><datafield ind1=" " ind2="1" tag="264"><subfield code="a">Chico (Calif.)</subfield><subfield code="b">Scholars press</subfield><subfield code="c">[1980]</subfield></datafield><datafield ind1=" " ind2="4" tag="264"><subfield code="c">© 1980</subfield></datafield><datafield ind1=" " ind2=" " tag="300"><subfield code="a">XIX, 336 S.</subfield><subfield code="b">Ill., Tab.</subfield></datafield><datafield ind1=" " ind2=" " tag="336"><subfield code="b">txt</subfield><subfield code="2">rdacontent</subfield></datafield><datafield ind1=" " ind2=" " tag="337"><subfield code="b">n</subfield><subfield code="2">rdamedia</subfield></datafield><datafield ind1=" " ind2=" " tag="338"><subfield code="b">nc</subfield><subfield code="2">rdacarrier</subfield></datafield><datafield ind1="1" ind2=" " tag="490"><subfield code="a">Dissertation series / Society of biblical literature</subfield><subfield code="v">no. 45</subfield></datafield><datafield ind1=" " ind2=" " tag="502"><subfield code="a">Diss. theol. University of Pennsylvania 1975</subfield></datafield><datafield ind1=" " ind2=" " tag="504"><subfield code="a">Literaturverz.</subfield></datafield><datafield ind1="3" ind2=" " tag="510"><subfield code="a">Bibliography</subfield></datafield><datafield ind1="0" ind2="7" tag="630"><subfield code="a">Bible</subfield><subfield code="p">AT</subfield><subfield code="0">(RERO)A009967307</subfield><subfield code="2">rero</subfield></datafield><datafield ind1="0" ind2="0" tag="630"><subfield code="a">Bible</subfield><subfield code="p">Pentateuch</subfield><subfield code="x">Criticism, interpretation, etc</subfield></datafield><datafield ind1=" " ind2="7" tag="650"><subfield code="a">parallèle (littérature)</subfield><subfield code="0">(RERO)A010127962</subfield><subfield code="2">rerovoc</subfield></datafield><datafield ind1=" " ind2="7" tag="650"><subfield code="a">Lois</subfield><subfield code="0">(IDREF)028704002</subfield><subfield code="2">idref</subfield></datafield><datafield ind1=" " ind2="0" tag="650"><subfield code="a">Assyro-Babylonian literature</subfield><subfield code="x">Relation to the Old Testament</subfield></datafield><datafield ind1=" " ind2="0" tag="650"><subfield code="a">Jewish law</subfield></datafield><datafield ind1=" " ind2="0" tag="650"><subfield code="a">Law (Theology)</subfield><subfield code="x">Biblical teaching</subfield></datafield><datafield ind1=" " ind2="7" tag="651"><subfield code="a">Moyen-Orient</subfield><subfield code="0">(IDREF)027356108</subfield><subfield code="2">idref</subfield></datafield><datafield ind1=" " ind2="7" tag="655"><subfield code="a">Hochschulschrift</subfield><subfield code="2">gnd-content</subfield></datafield><datafield ind1=" " ind2=" " tag="690"><subfield code="a">Alter Orient / Recht, Staat, Verwaltung</subfield><subfield code="2">uzb-Z9</subfield></datafield><datafield ind1=" " ind2=" " tag="690"><subfield code="a">Pentateuch / Einzelne Fragen</subfield><subfield code="2">uzb-Z9</subfield></datafield><datafield ind1=" " ind2=" " tag="690"><subfield code="a">Rechtssprache / Einzelne Gebiete und Orte / Asien</subfield><subfield code="2">uzb-Z9</subfield></datafield><datafield ind1="0" ind2=" " tag="730"><subfield code="a">Bible</subfield><subfield code="n">005</subfield><subfield code="p">A.T</subfield><subfield code="p">Pentateuque</subfield><subfield code="l">Hébreu</subfield><subfield code="k">Extraits</subfield></datafield><datafield ind1=" " ind2=" " tag="830"><subfield code="a">Dissertation series</subfield><subfield code="v">45</subfield><subfield code="w">(IDSBB)000424362DSV01</subfield></datafield><datafield ind1=" " ind2=" " tag="830"><subfield code="a">Dissertation series</subfield><subfield code="v">45</subfield><subfield code="w">(NEBIS)001000111EBI01</subfield></datafield><datafield ind1=" " ind2=" " tag="900"><subfield code="a">REROnoselfmerge</subfield></datafield><datafield ind1=" " ind2=" " tag="900"><subfield code="f">IDSU2medea</subfield></datafield></record>
</metadata></record>