<record><header><identifier>oai:alma.41SLSP_UGE:991000057879705502</identifier><datestamp>2023-03-01T01:10:30Z</datestamp><setSpec>uge_bcen_RapidILL_BOOK</setSpec><setSpec>uge_aaca_RapidILL_BOOK</setSpec><setSpec>uge_abels_RapidILL_BOOK</setSpec><setSpec>uge_dbu_RapidILL_BOOK</setSpec><setSpec>uge_cmu_RapidILL_BOOK</setSpec><setSpec>uge_mail_RapidILL_BOOK</setSpec><setSpec>UNIGE_ALL</setSpec><setSpec>uge_abbat_RapidILL_BOOK</setSpec><setSpec>uge_aobs_RapidILL_BOOK</setSpec><setSpec>uge_acar_RapidILL_BOOK</setSpec></header><metadata>
<record xmlns="http://www.loc.gov/MARC21/slim" xmlns:xsi="http://www.w3.org/2001/XMLSchema-instance" xsi:schemaLocation="http://www.loc.gov/MARC21/slim http://www.loc.gov/standards/marcxml/schema/MARC21slim.xsd"><leader>01257nam a2200385 c 4500</leader><controlfield tag="001">991000057879705502</controlfield><controlfield tag="005">20211117222158.0</controlfield><controlfield tag="008">201011s1969    fr ||||| |||| 00| ||fre d</controlfield><datafield ind1=" " ind2=" " tag="020"><subfield code="a">2070302660</subfield></datafield><datafield ind1=" " ind2=" " tag="020"><subfield code="a">9782070302666</subfield></datafield><datafield ind1=" " ind2=" " tag="035"><subfield code="a">(swissbib)21285271X-41slsp_network</subfield></datafield><datafield ind1=" " ind2=" " tag="035"><subfield code="a">21285271X</subfield><subfield code="9">ExL</subfield></datafield><datafield ind1=" " ind2=" " tag="035"><subfield code="a">(RERO)2027260-41slsp</subfield></datafield><datafield ind1=" " ind2=" " tag="035"><subfield code="a">(IDSBB)006060743DSV01</subfield></datafield><datafield ind1=" " ind2=" " tag="035"><subfield code="a">(SBT)000868482SBT01</subfield></datafield><datafield ind1=" " ind2=" " tag="035"><subfield code="a">(OCoLC)370352658</subfield></datafield><datafield ind1=" " ind2=" " tag="035"><subfield code="a">(EXLNZ-41SLSP_NETWORK)991106822959705501</subfield></datafield><datafield ind1=" " ind2=" " tag="040"><subfield code="a">RERO geulfr</subfield><subfield code="d">CH-ZuSLS</subfield></datafield><datafield ind1=" " ind2="7" tag="072"><subfield code="a">fr</subfield><subfield code="2">rero</subfield></datafield><datafield ind1="1" ind2="4" tag="082"><subfield code="a">841.912</subfield><subfield code="2">22</subfield></datafield><datafield ind1="1" ind2=" " tag="100"><subfield code="a">Supervielle, Jules</subfield><subfield code="d">1884-1960</subfield><subfield code="0">(IDREF)027151794</subfield><subfield code="4">cre</subfield></datafield><datafield ind1="1" ind2="0" tag="245"><subfield code="a">&lt;&lt;Le&gt;&gt; forçat innocent</subfield><subfield code="b">; suivi de Les amis inconnus</subfield><subfield code="c">Jules Supervielle</subfield></datafield><datafield ind1=" " ind2="1" tag="264"><subfield code="a">[Paris]</subfield><subfield code="b">Gallimard</subfield><subfield code="c">1969</subfield></datafield><datafield ind1=" " ind2=" " tag="300"><subfield code="a">221 p.</subfield><subfield code="c">18 cm</subfield></datafield><datafield ind1=" " ind2=" " tag="336"><subfield code="b">txt</subfield><subfield code="2">rdacontent</subfield></datafield><datafield ind1=" " ind2=" " tag="337"><subfield code="b">n</subfield><subfield code="2">rdamedia</subfield></datafield><datafield ind1=" " ind2=" " tag="338"><subfield code="b">nc</subfield><subfield code="2">rdacarrier</subfield></datafield><datafield ind1="1" ind2=" " tag="490"><subfield code="a">Poésie</subfield><subfield code="v">41</subfield></datafield><datafield ind1="1" ind2=" " tag="490"><subfield code="a">Poésie/Gallimard</subfield><subfield code="v">41</subfield></datafield><datafield ind1="1" ind2="2" tag="700"><subfield code="a">Supervielle, Jules</subfield><subfield code="t">&lt;&lt;Les&gt;&gt; amis inconnus</subfield></datafield><datafield ind1="1" ind2="2" tag="700"><subfield code="a">Supervielle, Jules</subfield><subfield code="t">&lt;&lt;Les&gt;&gt; amis inconnus</subfield></datafield><datafield ind1="0" ind2="2" tag="740"><subfield code="a">&lt;&lt;suivi de Les&gt;&gt; amis inconnus</subfield></datafield><datafield ind1=" " ind2=" " tag="830"><subfield code="a">Poésie</subfield><subfield code="p">Gallimard</subfield><subfield code="v">41</subfield><subfield code="w">(RERO)0338109-41slsp</subfield></datafield><datafield ind1=" " ind2=" " tag="830"><subfield code="a">Collection Poésie</subfield><subfield code="v">41</subfield><subfield code="w">(IDSBB)001198004DSV01</subfield></datafield><datafield ind1=" " ind2=" " tag="900"><subfield code="a">REROnoselfmerge</subfield></datafield><datafield ind1=" " ind2=" " tag="911"><subfield code="a">100</subfield><subfield code="a">Supervielle, Jules</subfield><subfield code="d">1884-1960</subfield></datafield></record>
</metadata></record>