<record><header><identifier>oai:alma.41SLSP_UGE:991000058209705502</identifier><datestamp>2024-05-18T03:06:46Z</datestamp><setSpec>uge_bcen_RapidILL_BOOK</setSpec><setSpec>uge_aaca_RapidILL_BOOK</setSpec><setSpec>uge_abels_RapidILL_BOOK</setSpec><setSpec>uge_dbu_RapidILL_BOOK</setSpec><setSpec>uge_cmu_RapidILL_BOOK</setSpec><setSpec>uge_mail_RapidILL_BOOK</setSpec><setSpec>uge_abbat_RapidILL_BOOK</setSpec><setSpec>UNIGE_ALL</setSpec><setSpec>uge_acar_RapidILL_BOOK</setSpec><setSpec>uge_aobs_RapidILL_BOOK</setSpec></header><metadata>
<record xmlns="http://www.loc.gov/MARC21/slim" xmlns:xsi="http://www.w3.org/2001/XMLSchema-instance" xsi:schemaLocation="http://www.loc.gov/MARC21/slim http://www.loc.gov/standards/marcxml/schema/MARC21slim.xsd"><leader>01676nam a22003732c 4500</leader><controlfield tag="001">991000058209705502</controlfield><controlfield tag="005">20211120211630.0</controlfield><controlfield tag="008">201011s1946    xxu           000 | eng d</controlfield><datafield ind1=" " ind2=" " tag="035"><subfield code="a">(swissbib)215619749-41slsp_network</subfield></datafield><datafield ind1=" " ind2=" " tag="035"><subfield code="a">215619749</subfield><subfield code="9">ExL</subfield></datafield><datafield ind1=" " ind2=" " tag="035"><subfield code="a">(NEBIS)004552095EBI01</subfield></datafield><datafield ind1=" " ind2=" " tag="035"><subfield code="a">(RERO)R004703555-41slsp</subfield></datafield><datafield ind1=" " ind2=" " tag="035"><subfield code="a">(IDSBB)000358075DSV01</subfield></datafield><datafield ind1=" " ind2=" " tag="035"><subfield code="a">(EXLNZ-41SLSP_NETWORK)991142482419705501</subfield></datafield><datafield ind1=" " ind2=" " tag="040"><subfield code="a">DLC</subfield><subfield code="d">CH-ZuSLS</subfield></datafield><datafield ind1=" " ind2="0" tag="050"><subfield code="a">F106 $b.J273</subfield></datafield><datafield ind1=" " ind2="7" tag="072"><subfield code="a">an</subfield><subfield code="2">rero</subfield></datafield><datafield ind1=" " ind2="7" tag="072"><subfield code="a">an</subfield><subfield code="2">SzZuIDS BS/BE</subfield></datafield><datafield ind1="0" ind2="0" tag="082"><subfield code="a">917.3</subfield></datafield><datafield ind1="1" ind2=" " tag="100"><subfield code="6">880-01</subfield><subfield code="a">James, Henry</subfield><subfield code="c">écrivain</subfield><subfield code="d">1843-1916</subfield><subfield code="0">(IDREF)026934612</subfield><subfield code="4">cre</subfield></datafield><datafield ind1="1" ind2=" " tag="880"><subfield code="a">James, Henry</subfield><subfield code="d">1843-1916</subfield><subfield code="0">(DE-588)118556835</subfield><subfield code="6">100-01</subfield></datafield><datafield ind1="1" ind2="0" tag="245"><subfield code="a">&lt;&lt;The&gt;&gt; American scene</subfield><subfield code="b">together with three essays from Portraits of places</subfield><subfield code="c">by Henry James ; edited with an introduction by W.H. Auden</subfield></datafield><datafield ind1=" " ind2="1" tag="264"><subfield code="a">New York</subfield><subfield code="b">Scribner</subfield><subfield code="c">1946</subfield></datafield><datafield ind1=" " ind2=" " tag="300"><subfield code="a">xxx., 501 p.</subfield><subfield code="b">plates, ports.</subfield><subfield code="c">22 cm</subfield></datafield><datafield ind1=" " ind2=" " tag="336"><subfield code="b">txt</subfield><subfield code="2">rdacontent</subfield></datafield><datafield ind1=" " ind2=" " tag="337"><subfield code="b">n</subfield><subfield code="2">rdamedia</subfield></datafield><datafield ind1=" " ind2=" " tag="338"><subfield code="b">nc</subfield><subfield code="2">rdacarrier</subfield></datafield><datafield ind1="0" ind2=" " tag="505"><subfield code="a">New England : an autumn impression.--New York revisited.--New York and the Hudson : a spring impression.--New York : social notes.--The Bowery and thereabouts.--The sense of Newport.--Boston.--Concord and Salem.--Philadelphia.--Baltimore.--Washington.--Richmond.--Charleston.--Florida.--Saratoga, Newport, Niagara, from Portraits of places</subfield></datafield><datafield ind1=" " ind2="0" tag="651"><subfield code="a">Atlantic states</subfield><subfield code="x">Description and travel</subfield></datafield><datafield ind1=" " ind2="0" tag="651"><subfield code="a">United States</subfield><subfield code="x">Description and travel</subfield></datafield><datafield ind1=" " ind2="0" tag="651"><subfield code="a">United States</subfield><subfield code="x">Social life and customs</subfield><subfield code="y">1865-1918</subfield></datafield><datafield ind1="1" ind2=" " tag="700"><subfield code="a">Auden, Wystan Hugh</subfield><subfield code="d">1907-1973</subfield><subfield code="0">(IDREF)026695502</subfield></datafield><datafield ind1="1" ind2=" " tag="700"><subfield code="a">Auden, Wystan H.</subfield><subfield code="d">1907-1973</subfield><subfield code="0">(DE-588)118650963</subfield></datafield><datafield ind1=" " ind2=" " tag="900"><subfield code="a">IDSZ2esmon201105r</subfield><subfield code="c">IDSZ2fumo</subfield></datafield><datafield ind1=" " ind2=" " tag="900"><subfield code="a">REROnoselfmerge</subfield></datafield></record>
</metadata></record>