<record><header><identifier>oai:alma.41SLSP_UGE:991000058199705502</identifier><datestamp>2023-06-30T00:17:54Z</datestamp><setSpec>uge_bcen_RapidILL_BOOK</setSpec><setSpec>uge_aaca_RapidILL_BOOK</setSpec><setSpec>uge_abels_RapidILL_BOOK</setSpec><setSpec>uge_dbu_RapidILL_BOOK</setSpec><setSpec>uge_cmu_RapidILL_BOOK</setSpec><setSpec>uge_mail_RapidILL_BOOK</setSpec><setSpec>uge_abbat_RapidILL_BOOK</setSpec><setSpec>UNIGE_ALL</setSpec><setSpec>uge_aobs_RapidILL_BOOK</setSpec><setSpec>uge_acar_RapidILL_BOOK</setSpec></header><metadata>
<record xmlns="http://www.loc.gov/MARC21/slim" xmlns:xsi="http://www.w3.org/2001/XMLSchema-instance" xsi:schemaLocation="http://www.loc.gov/MARC21/slim http://www.loc.gov/standards/marcxml/schema/MARC21slim.xsd"><leader>01417naa a2200301 c 4500</leader><controlfield tag="001">991000058199705502</controlfield><controlfield tag="005">20230629192426.0</controlfield><controlfield tag="008">140430s2014    xxk||||| |||| 00| ||eng d</controlfield><datafield ind1=" " ind2=" " tag="035"><subfield code="a">(swissbib)119621177-41slsp_network</subfield></datafield><datafield ind1=" " ind2=" " tag="035"><subfield code="a">119621177</subfield><subfield code="9">ExL</subfield></datafield><datafield ind1=" " ind2=" " tag="035"><subfield code="a">(RERO)R007721641-41slsp</subfield></datafield><datafield ind1=" " ind2=" " tag="035"><subfield code="a">(EXLNZ-41SLSP_NETWORK)991040248299705501</subfield></datafield><datafield ind1=" " ind2=" " tag="040"><subfield code="a">RERO geubfd</subfield><subfield code="d">CH-ZuSLS</subfield></datafield><datafield ind1=" " ind2="7" tag="072"><subfield code="a">dr</subfield><subfield code="2">rero</subfield></datafield><datafield ind1=" " ind2=" " tag="084"><subfield code="a">D 18 i</subfield><subfield code="2">cjurrom</subfield></datafield><datafield ind1="1" ind2=" " tag="100"><subfield code="a">Riedel, Eibe</subfield><subfield code="d">1943-....</subfield><subfield code="0">(IDREF)059892285</subfield><subfield code="4">cre</subfield></datafield><datafield ind1="1" ind2="0" tag="245"><subfield code="a">&lt;&lt;The&gt;&gt; development of economic, social, and cultural rights in international law</subfield><subfield code="c">Eibe Riedel, Gilles Giacca and Christophe Golay</subfield></datafield><datafield ind1=" " ind2=" " tag="336"><subfield code="b">txt</subfield><subfield code="2">rdacontent</subfield></datafield><datafield ind1=" " ind2=" " tag="337"><subfield code="b">n</subfield><subfield code="2">rdamedia</subfield></datafield><datafield ind1=" " ind2=" " tag="338"><subfield code="b">nc</subfield><subfield code="2">rdacarrier</subfield></datafield><datafield ind1=" " ind2=" " tag="580"><subfield code="a">In: Economic, social, and cultural rights in international law. - Oxford : Oxford Univ. Press, 2014. - P. 3-48</subfield></datafield><datafield ind1=" " ind2="7" tag="650"><subfield code="a">soziales Grundrecht</subfield><subfield code="9">ger</subfield><subfield code="0">(RERO)jurivoc000020501ger</subfield><subfield code="2">jurivoc</subfield></datafield><datafield ind1=" " ind2="7" tag="650"><subfield code="a">UNO-Pakt I</subfield><subfield code="9">ger</subfield><subfield code="0">(RERO)jurivoc000023734ger</subfield><subfield code="2">jurivoc</subfield></datafield><datafield ind1=" " ind2="7" tag="650"><subfield code="a">international</subfield><subfield code="9">ger</subfield><subfield code="0">(RERO)jurivoc000011874ger</subfield><subfield code="2">jurivoc</subfield></datafield><datafield ind1=" " ind2="7" tag="650"><subfield code="a">kulturelles Grundrecht</subfield><subfield code="9">ger</subfield><subfield code="0">(RERO)jurivoc000050197ger</subfield><subfield code="2">jurivoc</subfield></datafield><datafield ind1=" " ind2="7" tag="650"><subfield code="a">wirtschaftliches Grundrecht</subfield><subfield code="9">ger</subfield><subfield code="0">(RERO)jurivoc000050198ger</subfield><subfield code="2">jurivoc</subfield></datafield><datafield ind1="1" ind2=" " tag="700"><subfield code="a">Giacca, Gilles</subfield><subfield code="0">(IDREF)178658200</subfield></datafield><datafield ind1="1" ind2=" " tag="700"><subfield code="a">Golay, Christophe</subfield><subfield code="d">1934-....</subfield><subfield code="0">(IDREF)073999253</subfield></datafield><datafield ind1="0" ind2=" " tag="773"><subfield code="t">Economic, social, and cultural rights in international law : contemporary issues and challenges</subfield><subfield code="g">3</subfield><subfield code="w">(RERO)R007606445-41slsp</subfield></datafield></record>
</metadata></record>