<record><header><identifier>oai:alma.41SLSP_UGE:991000057889705502</identifier><datestamp>2024-09-21T00:17:51Z</datestamp><setSpec>uge_bcen_RapidILL_BOOK</setSpec><setSpec>uge_aaca_RapidILL_BOOK</setSpec><setSpec>uge_abels_RapidILL_BOOK</setSpec><setSpec>uge_dbu_RapidILL_BOOK</setSpec><setSpec>uge_cmu_RapidILL_BOOK</setSpec><setSpec>uge_mail_RapidILL_BOOK</setSpec><setSpec>uge_abbat_RapidILL_BOOK</setSpec><setSpec>UNIGE_ALL</setSpec><setSpec>uge_acar_RapidILL_BOOK</setSpec><setSpec>uge_aobs_RapidILL_BOOK</setSpec></header><metadata>
<record xmlns="http://www.loc.gov/MARC21/slim" xmlns:xsi="http://www.w3.org/2001/XMLSchema-instance" xsi:schemaLocation="http://www.loc.gov/MARC21/slim http://www.loc.gov/standards/marcxml/schema/MARC21slim.xsd"><leader>01549nam a2200349 ca4500</leader><controlfield tag="001">991000057889705502</controlfield><controlfield tag="005">20240920182332.0</controlfield><controlfield tag="008">201011s1894    sz ||||| |||| 00| ||ger d</controlfield><datafield ind1=" " ind2=" " tag="035"><subfield code="a">(swissbib)231307535-41slsp_network</subfield></datafield><datafield ind1=" " ind2=" " tag="035"><subfield code="a">231307535</subfield><subfield code="9">ExL</subfield></datafield><datafield ind1=" " ind2=" " tag="035"><subfield code="a">(RERO)1981583-41slsp</subfield></datafield><datafield ind1=" " ind2=" " tag="035"><subfield code="a">(IDSBB)003383085DSV01</subfield></datafield><datafield ind1=" " ind2=" " tag="035"><subfield code="a">(EXLNZ-41SLSP_NETWORK)991006939369705501</subfield></datafield><datafield ind1=" " ind2=" " tag="040"><subfield code="a">RERO geussc</subfield><subfield code="d">CH-ZuSLS</subfield></datafield><datafield ind1=" " ind2=" " tag="044"><subfield code="a">sz</subfield><subfield code="c">ch-ge</subfield></datafield><datafield ind1=" " ind2="7" tag="072"><subfield code="a">ch</subfield><subfield code="2">rero</subfield></datafield><datafield ind1="1" ind2=" " tag="100"><subfield code="a">Reverdin, Frédéric</subfield><subfield code="c">chimiste</subfield><subfield code="d">1849-1931</subfield><subfield code="0">(IDREF)035308206</subfield><subfield code="4">cre</subfield></datafield><datafield ind1="1" ind2="0" tag="245"><subfield code="a">Tabellarische Übersicht der Naphtalinderivate</subfield><subfield code="b">auf Grundlage des Werkes &quot;Sur la constitution de la naphtaline et de ses dérivés&quot;</subfield><subfield code="c">par F. Reverdin et E. Noelting ; unter Berücksichtigung der neueren Litteratur bearb. von F. Reverdin und H. Fulda</subfield></datafield><datafield ind1=" " ind2="1" tag="264"><subfield code="a">Basel</subfield><subfield code="a">Genf [etc.]</subfield><subfield code="b">Georg</subfield><subfield code="c">1894</subfield></datafield><datafield ind1=" " ind2=" " tag="300"><subfield code="a">2 t. en 1 vol. (pag. mult.)</subfield><subfield code="b">tabl.</subfield><subfield code="c">33 cm</subfield></datafield><datafield ind1=" " ind2=" " tag="336"><subfield code="b">txt</subfield><subfield code="2">rdacontent</subfield></datafield><datafield ind1=" " ind2=" " tag="337"><subfield code="b">n</subfield><subfield code="2">rdamedia</subfield></datafield><datafield ind1=" " ind2=" " tag="338"><subfield code="b">nc</subfield><subfield code="2">rdacarrier</subfield></datafield><datafield ind1=" " ind2=" " tag="500"><subfield code="a">Auf Grundlage des Werkes: Sur la constitution de la naphtaline et de ses dérives par F[rédéric] Reverdin et E[milio] Noelting unter Berücksichtigung der neueren Litteratur bearbeitet von F. Reverdin und H. Fulda</subfield></datafield><datafield ind1="0" ind2="0" tag="505"><subfield code="g">Teil 1</subfield><subfield code="t">(Tabellen)</subfield></datafield><datafield ind1="0" ind2="0" tag="505"><subfield code="g">Teil 2</subfield><subfield code="t">(Litteratur)</subfield></datafield><datafield ind1=" " ind2="7" tag="650"><subfield code="a">Naphtalène</subfield><subfield code="0">(IDREF)031778585</subfield><subfield code="2">idref</subfield></datafield><datafield ind1=" " ind2="4" tag="650"><subfield code="a">Naphthalin</subfield></datafield><datafield ind1=" " ind2="4" tag="650"><subfield code="a">Naphthalinderivate</subfield></datafield><datafield ind1=" " ind2="7" tag="655"><subfield code="a">Tables</subfield><subfield code="0">(IDREF)027656683</subfield><subfield code="2">idref</subfield></datafield><datafield ind1="1" ind2=" " tag="700"><subfield code="a">Noelting, Emilio</subfield><subfield code="0">(RERO)A003643563</subfield></datafield><datafield ind1="1" ind2=" " tag="700"><subfield code="a">Fulda, Hugo Ludwig</subfield><subfield code="0">(IDREF)106007661</subfield></datafield><datafield ind1=" " ind2=" " tag="900"><subfield code="a">REROnoselfmerge</subfield></datafield></record>
</metadata></record>