<record><header><identifier>oai:alma.41SLSP_UGE:991000057579705502</identifier><datestamp>2023-03-07T01:08:30Z</datestamp><setSpec>uge_bcen_RapidILL_BOOK</setSpec><setSpec>uge_aaca_RapidILL_BOOK</setSpec><setSpec>uge_abels_RapidILL_BOOK</setSpec><setSpec>uge_dbu_RapidILL_BOOK</setSpec><setSpec>uge_cmu_RapidILL_BOOK</setSpec><setSpec>uge_mail_RapidILL_BOOK</setSpec><setSpec>uge_abbat_RapidILL_BOOK</setSpec><setSpec>UNIGE_ALL</setSpec><setSpec>uge_acar_RapidILL_BOOK</setSpec><setSpec>uge_aobs_RapidILL_BOOK</setSpec></header><metadata>
<record xmlns="http://www.loc.gov/MARC21/slim" xmlns:xsi="http://www.w3.org/2001/XMLSchema-instance" xsi:schemaLocation="http://www.loc.gov/MARC21/slim http://www.loc.gov/standards/marcxml/schema/MARC21slim.xsd"><leader>02286nam a2200481 c 4500</leader><controlfield tag="001">991000057579705502</controlfield><controlfield tag="005">20230306135749.0</controlfield><controlfield tag="008">201011s1995    fr ||||| |||| 10| ||fre d</controlfield><datafield ind1=" " ind2=" " tag="020"><subfield code="a">2867131251</subfield></datafield><datafield ind1=" " ind2=" " tag="035"><subfield code="a">(swissbib)215660978-41slsp_network</subfield></datafield><datafield ind1=" " ind2=" " tag="035"><subfield code="a">215660978</subfield><subfield code="9">ExL</subfield></datafield><datafield ind1=" " ind2=" " tag="035"><subfield code="a">(RERO)R003207276-41slsp</subfield></datafield><datafield ind1=" " ind2=" " tag="035"><subfield code="a">(IDSBB)002757649DSV01</subfield></datafield><datafield ind1=" " ind2=" " tag="035"><subfield code="a">(EXLNZ-41SLSP_NETWORK)991092027529705501</subfield></datafield><datafield ind1=" " ind2=" " tag="040"><subfield code="a">RERO geufpe</subfield><subfield code="d">CH-ZuSLS</subfield></datafield><datafield ind1=" " ind2="7" tag="072"><subfield code="a">td</subfield><subfield code="2">rero</subfield></datafield><datafield ind1=" " ind2="7" tag="072"><subfield code="a">pe</subfield><subfield code="2">rero</subfield></datafield><datafield ind1=" " ind2="7" tag="072"><subfield code="a">sp</subfield><subfield code="2">SzZuIDS BS/BE</subfield></datafield><datafield ind1="0" ind2="0" tag="245"><subfield code="a">Handicapés physiques et inaptes partiels [en EPS]</subfield><subfield code="b">contribution de l'enseignement de l'EPS à l'intégration des élèves handicapés physiques dans les établissements scolaires pour favoriser leur insertion sociale : actes de l'Université d'automne, 24-28 octobre 1994, Faculté des sciences et de l'éducation physique de Lille II</subfield><subfield code="c">réalisation M. Pasqualini, B. Robert</subfield></datafield><datafield ind1=" " ind2="1" tag="264"><subfield code="a">Paris</subfield><subfield code="b">Ed. Revue EPS</subfield><subfield code="c">1995</subfield></datafield><datafield ind1=" " ind2=" " tag="300"><subfield code="a">285 pages</subfield><subfield code="b">illustrations</subfield></datafield><datafield ind1=" " ind2=" " tag="336"><subfield code="b">txt</subfield><subfield code="2">rdacontent</subfield></datafield><datafield ind1=" " ind2=" " tag="337"><subfield code="b">n</subfield><subfield code="2">rdamedia</subfield></datafield><datafield ind1=" " ind2=" " tag="338"><subfield code="b">nc</subfield><subfield code="2">rdacarrier</subfield></datafield><datafield ind1="1" ind2=" " tag="490"><subfield code="a">Dossiers EPS</subfield><subfield code="v">no 23</subfield></datafield><datafield ind1="1" ind2=" " tag="490"><subfield code="a">Dossier EPS</subfield><subfield code="v">no 23</subfield></datafield><datafield ind1=" " ind2="7" tag="650"><subfield code="a">Handicapés</subfield><subfield code="0">(IDREF)027233529</subfield><subfield code="2">idref</subfield></datafield><datafield ind1=" " ind2="7" tag="650"><subfield code="a">Écoles</subfield><subfield code="0">(IDREF)02743902X</subfield><subfield code="2">idref</subfield></datafield><datafield ind1=" " ind2="7" tag="650"><subfield code="a">Éducation physique et sportive</subfield><subfield code="0">(IDREF)027278662</subfield><subfield code="2">idref</subfield></datafield><datafield ind1=" " ind2="7" tag="650"><subfield code="a">Intégration scolaire</subfield><subfield code="x">Actes de congrès</subfield><subfield code="2">ram</subfield></datafield><datafield ind1=" " ind2="7" tag="650"><subfield code="a">Éducation physique et sportive pour enfants handicapés</subfield><subfield code="x">Actes de congrès</subfield><subfield code="2">ram</subfield></datafield><datafield ind1=" " ind2="7" tag="651"><subfield code="a">France</subfield><subfield code="0">(IDREF)027226794</subfield><subfield code="2">idref</subfield></datafield><datafield ind1=" " ind2="7" tag="655"><subfield code="a">Konferenzschrift</subfield><subfield code="z">Lille</subfield><subfield code="y">1994</subfield><subfield code="2">gnd-content</subfield></datafield><datafield ind1=" " ind2=" " tag="690"><subfield code="a">Behindertensport</subfield><subfield code="2">ubs-AV</subfield></datafield><datafield ind1=" " ind2=" " tag="690"><subfield code="a">Integration</subfield><subfield code="2">ubs-AV</subfield></datafield><datafield ind1=" " ind2=" " tag="690"><subfield code="a">Schule</subfield><subfield code="2">ubs-AV</subfield></datafield><datafield ind1=" " ind2=" " tag="690"><subfield code="a">Handicapé physique - Éducation physique et sportive - [Congrès]</subfield><subfield code="2">EHSM_f</subfield></datafield><datafield ind1=" " ind2=" " tag="690"><subfield code="a">Körperbehinderter - Sportunterricht - [Kongress]</subfield><subfield code="2">EHSM_d</subfield></datafield><datafield ind1="1" ind2=" " tag="700"><subfield code="a">Pasqualini, Monique</subfield><subfield code="0">(RERO)A008848692</subfield></datafield><datafield ind1="2" ind2=" " tag="710"><subfield code="a">Université du Droit et de la Santé de Lille</subfield><subfield code="b">Faculté des Sciences de l'Éducation Physique</subfield><subfield code="0">(DE-588)1086073320</subfield></datafield><datafield ind1="2" ind2=" " tag="710"><subfield code="a">Université de Lille 2</subfield><subfield code="b">Faculté des sciences et de l'éducation physique</subfield><subfield code="0">(RERO)A012315490</subfield></datafield><datafield ind1=" " ind2="0" tag="830"><subfield code="a">Dossiers EPS</subfield><subfield code="v">23</subfield><subfield code="w">(IDSBB)001252301DSV01</subfield></datafield><datafield ind1=" " ind2="0" tag="830"><subfield code="a">Dossiers EPS</subfield><subfield code="v">23</subfield><subfield code="w">(RERO)1055461-41slsp</subfield></datafield><datafield ind1=" " ind2=" " tag="900"><subfield code="a">REROnoselfmerge</subfield></datafield></record>
</metadata></record>