<record><header><identifier>oai:alma.41SLSP_UGE:991000058099705502</identifier><datestamp>2024-09-28T00:15:01Z</datestamp><setSpec>uge_bcen_RapidILL_BOOK</setSpec><setSpec>uge_aaca_RapidILL_BOOK</setSpec><setSpec>uge_abels_RapidILL_BOOK</setSpec><setSpec>uge_dbu_RapidILL_BOOK</setSpec><setSpec>uge_cmu_RapidILL_BOOK</setSpec><setSpec>uge_mail_RapidILL_BOOK</setSpec><setSpec>uge_abbat_RapidILL_BOOK</setSpec><setSpec>UNIGE_ALL</setSpec><setSpec>uge_aobs_RapidILL_BOOK</setSpec><setSpec>uge_acar_RapidILL_BOOK</setSpec></header><metadata>
<record xmlns="http://www.loc.gov/MARC21/slim" xmlns:xsi="http://www.w3.org/2001/XMLSchema-instance" xsi:schemaLocation="http://www.loc.gov/MARC21/slim http://www.loc.gov/standards/marcxml/schema/MARC21slim.xsd"><leader>02325nam a2200649 c 4500</leader><controlfield tag="001">991000058099705502</controlfield><controlfield tag="005">20240927122714.0</controlfield><controlfield tag="008">201012t19801980fr ||||| |||| 00| ||fre d</controlfield><datafield ind1=" " ind2=" " tag="020"><subfield code="a">2213009384</subfield></datafield><datafield ind1="7" ind2=" " tag="024"><subfield code="a">http://catalogue.bnf.fr/ark:/12148/cb346419026</subfield><subfield code="2">uri</subfield></datafield><datafield ind1=" " ind2=" " tag="035"><subfield code="a">(swissbib)240673735-41slsp_network</subfield></datafield><datafield ind1=" " ind2=" " tag="035"><subfield code="a">240673735</subfield><subfield code="9">ExL</subfield></datafield><datafield ind1=" " ind2=" " tag="035"><subfield code="a">(RERO)0299270-41slsp</subfield></datafield><datafield ind1=" " ind2=" " tag="035"><subfield code="a">(IDSBB)000103471DSV01</subfield></datafield><datafield ind1=" " ind2=" " tag="035"><subfield code="a">(IDSSG)000325928HSB01</subfield></datafield><datafield ind1=" " ind2=" " tag="035"><subfield code="a">(NEBIS)001725952EBI01</subfield></datafield><datafield ind1=" " ind2=" " tag="035"><subfield code="a">(ALEX)bv000979997</subfield></datafield><datafield ind1=" " ind2=" " tag="035"><subfield code="a">(EXLNZ-41SLSP_NETWORK)991018206669705501</subfield></datafield><datafield ind1=" " ind2=" " tag="040"><subfield code="a">RERO</subfield><subfield code="d">CH-ZuSLS</subfield></datafield><datafield ind1=" " ind2="7" tag="072"><subfield code="a">so</subfield><subfield code="2">rero</subfield></datafield><datafield ind1=" " ind2="7" tag="072"><subfield code="a">se</subfield><subfield code="2">rero</subfield></datafield><datafield ind1=" " ind2="7" tag="072"><subfield code="a">vw</subfield><subfield code="2">SzZuIDS BS/BE</subfield></datafield><datafield ind1=" " ind2="7" tag="072"><subfield code="a">sz</subfield><subfield code="2">SzZuIDS BS/BE</subfield></datafield><datafield ind1="0" ind2="0" tag="082"><subfield code="a">320.9/045</subfield><subfield code="2">19</subfield></datafield><datafield ind1="0" ind2="4" tag="082"><subfield code="a">327.09047</subfield></datafield><datafield ind1="1" ind2="4" tag="082"><subfield code="a">300</subfield><subfield code="2">15</subfield></datafield><datafield ind1="1" ind2="4" tag="082"><subfield code="a">330</subfield><subfield code="2">15</subfield></datafield><datafield ind1=" " ind2=" " tag="084"><subfield code="a">QD 250</subfield><subfield code="2">rvk</subfield></datafield><datafield ind1="1" ind2=" " tag="100"><subfield code="a">Servan-Schreiber, Jean-Jacques</subfield><subfield code="0">(RERO)A003823239</subfield><subfield code="4">cre</subfield></datafield><datafield ind1="1" ind2="0" tag="245"><subfield code="a">&lt;&lt;Le&gt;&gt; défi mondial</subfield><subfield code="c">Jean-Jacques Servan-Schreiber</subfield></datafield><datafield ind1=" " ind2="1" tag="264"><subfield code="a">Paris</subfield><subfield code="b">Fayard</subfield><subfield code="c">[1980]</subfield></datafield><datafield ind1=" " ind2="4" tag="264"><subfield code="c">©1980</subfield></datafield><datafield ind1=" " ind2=" " tag="300"><subfield code="a">477 p.</subfield><subfield code="c">24 cm</subfield></datafield><datafield ind1=" " ind2=" " tag="336"><subfield code="b">txt</subfield><subfield code="2">rdacontent</subfield></datafield><datafield ind1=" " ind2=" " tag="337"><subfield code="b">n</subfield><subfield code="2">rdamedia</subfield></datafield><datafield ind1=" " ind2=" " tag="338"><subfield code="b">nc</subfield><subfield code="2">rdacarrier</subfield></datafield><datafield ind1=" " ind2=" " tag="520"><subfield code="a">Le développement de l'économie mondiale depuis 1950 et les différents aspects de la situation actuelle dans le monde entier</subfield><subfield code="5">IDSBB/B429</subfield></datafield><datafield ind1=" " ind2="7" tag="650"><subfield code="a">Relations internationales</subfield><subfield code="0">(IDREF)027805905</subfield><subfield code="2">idref</subfield></datafield><datafield ind1=" " ind2="7" tag="650"><subfield code="a">1980</subfield><subfield code="2">rero</subfield></datafield><datafield ind1=" " ind2="7" tag="650"><subfield code="a">Zukunft</subfield><subfield code="2">idsbb</subfield></datafield><datafield ind1=" " ind2="7" tag="650"><subfield code="a">Weltordnung</subfield><subfield code="0">(DE-588)4126263-3</subfield><subfield code="2">gnd</subfield></datafield><datafield ind1=" " ind2="7" tag="650"><subfield code="a">Zukunft</subfield><subfield code="0">(DE-588)4068097-6</subfield><subfield code="2">gnd</subfield></datafield><datafield ind1=" " ind2="0" tag="650"><subfield code="a">Civilization, Modern</subfield><subfield code="y">1950-</subfield></datafield><datafield ind1=" " ind2="0" tag="650"><subfield code="a">Economic development</subfield></datafield><datafield ind1=" " ind2="0" tag="650"><subfield code="a">International economic relations</subfield></datafield><datafield ind1=" " ind2="0" tag="650"><subfield code="a">Petroleum industry and trade</subfield></datafield><datafield ind1=" " ind2="0" tag="650"><subfield code="a">Technology and civilization</subfield></datafield><datafield ind1=" " ind2="0" tag="650"><subfield code="a">World politics</subfield><subfield code="y">1945-</subfield></datafield><datafield ind1=" " ind2="0" tag="650"><subfield code="a">World politics</subfield><subfield code="y">1945-1989</subfield></datafield><datafield ind1=" " ind2="7" tag="650"><subfield code="a">REFLEXION (PSYCHOLOGIE)</subfield><subfield code="9">ger</subfield><subfield code="0">(ETHUDK)000009579</subfield><subfield code="2">ethudk</subfield></datafield><datafield ind1=" " ind2="7" tag="650"><subfield code="a">WELTGESELLSCHAFT + GLOBALISIERUNG (SOZIOLOGIE)</subfield><subfield code="9">ger</subfield><subfield code="0">(ETHUDK)000053241</subfield><subfield code="2">ethudk</subfield></datafield><datafield ind1=" " ind2="0" tag="651"><subfield code="a">Developing countries</subfield></datafield><datafield ind1=" " ind2="0" tag="651"><subfield code="a">Developing countries</subfield><subfield code="x">Foreign relations</subfield></datafield><datafield ind1=" " ind2=" " tag="690"><subfield code="a">Entwicklungsländer / Verhältnis zu einzelnen Gebieten und Orten / 1980- ersch.</subfield><subfield code="2">uzb-Z9</subfield></datafield><datafield ind1=" " ind2=" " tag="690"><subfield code="a">Industriestaaten</subfield><subfield code="2">uzb-Z9</subfield></datafield><datafield ind1=" " ind2=" " tag="690"><subfield code="a">Zukunft / Verhältnis zu einzelnen Gebieten und Orten</subfield><subfield code="2">uzb-Z9</subfield></datafield><datafield ind1=" " ind2=" " tag="900"><subfield code="a">REROnoselfmerge</subfield></datafield><datafield ind1=" " ind2=" " tag="900"><subfield code="f">IDSU2medea</subfield></datafield><datafield ind1=" " ind2=" " tag="961"><subfield code="2">gsi</subfield><subfield code="a">327</subfield><subfield code="9">LOCAL</subfield></datafield></record>
</metadata></record>